开仓时间,平仓时间,币种,方向,数量,开仓价格,平仓价格,仓位(U),杠杆率,止损,止盈,盈亏比,盈亏(U),开仓理由,平仓理由
2025-11-03 02:48:38,2025-11-03 03:01:44,BTC,做空,0.001,108763.8,109040.1,108.76,5,0.0,0.0,-0.25,-0.28,[PAPI恢复],[止损]
2025-11-03 03:19:45,2025-11-03 03:45:16,BTC,做空,0.001,108386.6,108123.0,108.39,5,0.0,0.0,0.24,0.26,[PAPI恢复],[止盈]
2025-11-03 17:31:09,2025-11-03 17:31:20,BTC,做多,0.001,107145.8,107133.8,107.15,5,0.0,0.0,-0.01,-0.01,[PAPI恢复],[止损]
2025-11-04 09:18:24,2025-11-04 09:30:32,BTC,做空,0.001,103914.5,103824.9,103.91,5,0.0,0.0,0.09,0.09,[PAPI恢复],[止盈]
2025-11-04 15:19:04,2025-11-04 15:45:25,BTC,做空,0.001,104390.2,103992.1,104.39,5,0.0,0.0,0.38,0.4,[PAPI恢复],[止盈]
2025-11-05 05:35:46,2025-11-05 06:00:29,BTC,做空,0.001,101788.7,101731.3,101.79,5,0.0,0.0,0.06,0.06,[PAPI恢复],[止盈]
2025-11-05 09:03:49,2025-11-05 09:09:31,BTC,做空,0.001,101760.0,102143.3,101.76,5,0.0,0.0,-0.38,-0.38,[PAPI恢复],[止损]
2025-11-05 11:00:26,2025-11-05 17:07:49,BTC,做多,0.001,101380.5,103519.5,101.38,5,0.0,0.0,2.11,2.14,[PAPI恢复],[止盈]
2025-11-05 17:48:52,2025-11-06 15:18:17,BTC,做多,0.001,103531.5,102344.9,103.53,5,0.0,0.0,-1.15,-1.19,[PAPI恢复],[止损]
2025-11-06 15:20:32,2025-11-06 16:03:56,BTC,做多,0.001,102689.0,102002.4,102.69,5,0.0,0.0,-0.67,-0.69,[PAPI恢复],[止损]
2025-11-06 16:15:27,2025-11-06 18:50:06,BTC,做多,0.001,101814.0,102294.9,101.81,5,0.0,0.0,0.47,0.48,[PAPI恢复],[止盈]
2025-11-02 23:17:30,2025-11-02 23:39:22,ETH,做空,0.012,3873.81,3892.07,46.49,5,0.0,0.0,-0.47,-0.22,[PAPI恢复],[止损]
2025-11-03 03:01:18,2025-11-03 03:01:37,ETH,做空,0.013,3800.82,3801.19,49.41,5,0.0,0.0,-0.01,-0.0,[PAPI恢复],[止损]
2025-11-03 03:19:50,2025-11-03 03:30:16,ETH,做空,0.016,3764.25,3743.56,60.23,5,0.0,0.0,0.55,0.33,[PAPI恢复],[止盈]
2025-11-03 04:08:49,2025-11-03 04:45:13,ETH,做空,0.01,3721.51,3729.35,37.22,5,0.0,0.0,-0.21,-0.08,[PAPI恢复],[止损]
2025-11-04 05:48:56,2025-11-04 06:00:22,ETH,做空,0.017,3506.11,3489.72,59.6,5,0.0,0.0,0.47,0.28,[PAPI恢复],[止盈]
2025-11-04 13:33:36,2025-11-04 13:45:28,ETH,做空,0.019,3510.31,3511.46,66.7,5,0.0,0.0,-0.03,-0.02,[PAPI恢复],[止损]
2025-11-04 17:32:22,2025-11-04 17:45:25,ETH,做空,0.015,3402.6,3389.49,51.04,5,0.0,0.0,0.39,0.2,[PAPI恢复],[止盈]
2025-11-04 20:03:27,2025-11-04 20:16:51,ETH,做多,0.016,3230.0,3197.47,51.68,5,0.0,0.0,-1.01,-0.52,[PAPI恢复],[止损]
2025-11-05 04:05:30,2025-11-05 04:15:27,ETH,做空,0.02,3336.82,3327.55,66.74,5,0.0,0.0,0.28,0.19,[PAPI恢复],[止盈]
2025-11-05 06:19:31,2025-11-05 06:45:27,ETH,做空,0.025,3335.78,3323.16,83.39,5,0.0,0.0,0.38,0.32,[PAPI恢复],[止盈]
2025-11-05 08:04:27,2025-11-05 08:15:24,ETH,做空,0.02,3316.51,3312.54,66.33,5,0.0,0.0,0.12,0.08,[PAPI恢复],[止盈]
2025-11-05 13:48:33,2025-11-05 13:54:13,ETH,做空,0.02,3355.41,3371.82,67.11,5,0.0,0.0,-0.49,-0.33,[PAPI恢复],[止损]
2025-11-05 17:17:28,2025-11-05 17:48:56,ETH,做空,0.019,3426.01,3426.0,65.09,5,0.0,0.0,0.0,0.0,[PAPI恢复],[止盈]
2025-11-06 04:50:31,2025-11-06 05:03:43,ETH,做空,0.008,3448.99,3445.87,27.59,5,0.0,0.0,0.09,0.02,[PAPI恢复],[止盈]
2025-11-06 15:18:20,2025-11-06 15:20:31,ETH,做空,0.025,3344.47,3356.52,83.61,5,0.0,0.0,-0.36,-0.3,[PAPI恢复],[止损]
2025-11-06 15:32:44,2025-11-06 16:02:59,ETH,做空,0.019,3335.31,3305.43,63.37,5,0.0,0.0,0.9,0.57,[PAPI恢复],[止盈]
2025-11-06 18:48:56,2025-11-06 20:40:09,ETH,做空,0.02,3347.76,3300.54,66.96,5,0.0,0.0,1.41,0.94,[PAPI恢复],[止盈]
2025-11-07 03:05:15,2025-11-07 03:16:40,ETH,做空,0.02,3352.83,3362.44,67.06,5,0.0,0.0,-0.29,-0.19,[PAPI恢复],[止损]
2025-11-07 04:17:22,2025-11-07 05:04:26,ETH,做空,0.025,3333.99,3345.3,83.35,5,0.0,0.0,-0.34,-0.28,[PAPI恢复],[止损]
2025-11-07 07:21:01,2025-11-07 07:34:09,ETH,做空,0.015,3362.21,3338.84,50.43,5,0.0,0.0,0.7,0.35,[PAPI恢复],[止盈]
2025-11-03 04:47:09,2025-11-03 04:59:15,SOL,做空,0.28,177.21,177.87,49.62,5,0.0,0.0,-0.37,-0.18,[PAPI恢复],[止损]
2025-11-03 22:49:04,2025-11-03 23:15:26,SOL,做空,0.37,165.8,164.83,61.35,5,0.0,0.0,0.59,0.36,[PAPI恢复],[止盈]
2025-11-04 07:26:29,2025-11-04 07:30:29,SOL,做空,0.19,157.93,157.18,30.01,5,0.0,0.0,0.47,0.14,[PAPI恢复],[止盈]
2025-11-05 13:38:22,2025-11-05 13:43:12,SOL,做空,0.19,158.4,159.36,30.1,5,0.0,0.0,-0.61,-0.18,[PAPI恢复],[止损]
2025-11-05 17:07:10,2025-11-05 18:19:09,SOL,做空,0.41,161.25,162.37,66.11,5,0.0,0.0,-0.69,-0.46,[PAPI恢复],[止损]
2025-11-06 12:33:13,2025-11-06 13:01:15,SOL,做空,0.42,158.16,157.74,66.43,5,0.0,0.0,0.27,0.18,[PAPI恢复],[止盈]
2025-11-06 13:05:11,2025-11-06 18:48:51,SOL,做多,0.21,157.74,158.27,33.13,5,0.0,0.0,0.34,0.11,[PAPI恢复],[止盈]
2025-11-06 19:32:39,2025-11-07 03:18:42,SOL,做多,0.42,157.37,157.78,66.1,5,0.0,0.0,0.26,0.17,[PAPI恢复],[止盈]
2025-11-07 03:49:04,2025-11-08 13:10:37,SOL,做多,0.43,157.22,158.85,67.6,5,0.0,0.0,1.04,0.7,[PAPI恢复],[止盈]
2025-11-08 13:10:52,2025-11-08 13:21:50,SOL,做空,0.42,158.87,159.16,66.73,5,0.0,0.0,-0.18,-0.12,[PAPI恢复],[止损]
2025-11-03 03:01:21,2025-11-03 03:01:41,BNB,做空,0.04,1060.44,1060.8,42.42,5,0.0,0.0,-0.03,-0.01,[PAPI恢复],[止损]
2025-11-03 03:19:53,2025-11-03 03:30:19,BNB,做空,0.05,1053.81,1051.12,52.69,5,0.0,0.0,0.26,0.13,[PAPI恢复],[止盈]
2025-11-03 04:04:39,2025-11-03 04:05:44,BNB,做空,0.06,1043.21,1040.98,62.59,5,0.0,0.0,0.21,0.13,[PAPI恢复],[止盈]
2025-11-03 11:04:42,2025-11-03 11:15:30,BNB,做空,0.06,1015.59,1012.25,60.94,5,0.0,0.0,0.33,0.2,[PAPI恢复],[止盈]
2025-11-05 13:48:36,2025-11-05 13:53:49,BNB,做空,0.05,956.17,960.82,47.81,5,0.0,0.0,-0.49,-0.23,[PAPI恢复],[止损]
2025-11-05 17:07:14,2025-11-05 17:48:59,BNB,做空,0.06,962.1,960.91,57.73,5,0.0,0.0,0.12,0.07,[PAPI恢复],[止盈]
2025-11-05 18:48:00,2025-11-05 19:33:36,BNB,做空,0.06,965.42,960.51,57.93,5,0.0,0.0,0.51,0.29,[PAPI恢复],[止盈]
2025-11-06 07:33:54,2025-11-06 08:00:23,BNB,做空,0.07,952.32,950.57,66.66,5,0.0,0.0,0.18,0.12,[PAPI恢复],[止盈]
2025-11-07 09:37:15,2025-11-07 10:00:29,BNB,做空,0.04,956.95,957.23,38.28,5,0.0,0.0,-0.03,-0.01,[PAPI恢复],[止损]
2025-11-06 23:02:55,2025-11-06 23:15:24,XRP,做空,38.6,2.21,2.21,85.38,5,0.0,0.0,0.3,0.25,[PAPI恢复],[止盈]
2025-11-06 23:48:43,2025-11-07 03:18:38,XRP,做多,4.9,2.21,2.23,10.84,5,0.0,0.0,0.86,0.09,[PAPI恢复],[止盈]
2025-11-07 11:32:24,2025-11-07 11:48:33,DOGE,做空,525.0,0.16,0.16,85.35,5,0.0,0.0,-0.18,-0.16,[PAPI恢复],[止损]
2025-11-04 05:48:53,2025-11-04 06:15:13,LTC,做空,0.406,86.26,87.3,35.02,5,0.0,0.0,-1.21,-0.42,[PAPI恢复],[止损]
2025-11-04 12:34:54,2025-11-04 12:35:48,LTC,做多,0.602,86.49,86.27,52.07,5,0.0,0.0,-0.25,-0.13,[PAPI恢复],[止损]
2025-11-04 21:48:10,2025-11-04 22:08:39,LTC,做空,0.639,81.29,84.16,51.94,5,0.0,0.0,-3.53,-1.83,[PAPI恢复],[止损]
2025-11-05 17:07:56,2025-11-05 17:49:02,LTC,做空,0.534,88.14,87.91,47.07,5,0.0,0.0,0.26,0.12,[PAPI恢复],[止盈]
2025-11-06 09:41:29,2025-11-06 10:06:32,LTC,做空,0.575,87.2,86.99,50.14,5,0.0,0.0,0.24,0.12,[PAPI恢复],[止盈]
2025-11-06 14:50:35,2025-11-06 15:03:40,LTC,做空,0.957,87.35,86.94,83.59,5,0.0,0.0,0.47,0.39,[PAPI恢复],[止盈]
2025-11-06 20:03:44,2025-11-06 20:15:35,LTC,做空,0.779,87.55,87.62,68.2,5,0.0,0.0,-0.08,-0.05,[PAPI恢复],[止损]
2025-11-09 09:16:25,2025-11-09 09:20:14,SOL,空,0.0640361488164918,159.12,159.64,10.196475976049998,1,160.28744999999998,154.8,4.189323372263488,-0.0336,【V7.9必须】Signal Mode: Scalping + Rationale: Bearish Pin Bar反转信号在4H空头转弱背景下，适合快速短线做空，尽管15m牛市但价格行动优先 + YTC Signal Type: NONE + Trapped Traders Psychology: 无 + S/R Strength/Context: 非关键S/R位，但PinBar提供反转确认 + Leverage Rationale: 中等信号得分，R:R 1.51，共识不足，故1x杠杆,软失效(AI确认-scalping): Scalping动能停滞(slope=0.014<0.05)+未盈利 | AI: AI确认失败，使用系统判断
2025-11-09 09:35:18,2025-11-09 09:52:39,ETH,多,0.0198776508119509,3418.64,3402.3,16.986993136749998,4,3402.65,3490.7,4.622605363984709,-0.3248008142672715,"【Swing信号】Simple Pullback回撤0.8%后恢复60%，位于1H支撑$3,414上方，4H空头转弱但1H+15m牛市确认趋势延续。无YTC信号但价格行动优先。止损设于1H强支撑-$3,402.65（ATR×0.5缓冲），止盈$3,490.7（1H阻力+ATR×1.0），R:R 4.63:1。应用昨日教训：避免过早退出，预期持有5小时（ETH推荐时长）。杠杆基于HIGH信号+R:R≥2.0+4/5指标共识。",系统检测：已被止损/止盈自动平仓
2025-11-09 10:07:05,2025-11-09 10:33:36,SOL,空,0.5364695588104749,157.65,157.44,16.921322823999997,5,158.65,154.7,3.2021276595744963,0.10695307,【Swing模式】强趋势inception(SHORT)信号，4H看跌对齐，1H空头转弱支持，价格在阻力位$158，R:R=9.97高，15m指标MACD负、RSI中性、Vol高提供共识。被困交易者：在阻力位买入的交易者面临止损压力。S/R强度：阻力位$158（1H），强度中等。杠杆原理：HIGH信号+R:R≥2.0+关键水平，系统自动5x杠杆。应用昨天教训[Swing Lesson: let winners run longer] - 设置TP基于1H支撑，让赢家运行。,【Swing模式】出现⚠️Bear Exhaustion (momentum_decay)强制退出信号，必须立即平仓。4H看跌但动量衰减，避免利润回吐（PnL +0.01U）。[Swing Lesson: 严格执行退出信号]
2025-11-09 10:07:12,2025-11-09 10:33:28,ETH,空,0.0149695438043141,3389.0,3390.11,16.921322823999997,3,3425.95,3333.1,1.6681034482758803,-0.01554,"【Swing模式】趋势inception(SHORT)信号，但4H看跌与1H看涨冲突（Mode2逆势），价格在阻力位$3,414，R:R=2.83合格，15m指标MACD负、RSI中性、Vol高提供部分共识。被困交易者：在阻力位追多的交易者被困。S/R强度：阻力位$3,414（1H），强度中等。杠杆原理：MEDIUM信号因逆势，减少仓位至25%，杠杆3x。应用昨天教训[Swing Lesson: stricter confluence after yesterday's SL] - 要求更严格趋势对齐。",【Swing模式】出现⚠️Bear Exhaustion (momentum_decay)强制退出信号，根据价格行动优先级必须立即平仓。4H看跌但1H转弱，趋势矛盾，保护现有利润（PnL -0.08U）。[Swing Lesson: 严格执行退出信号避免回撤]
2025-11-09 10:33:43,2025-11-09 10:54:36,BNB,多,0.0308731355653132,984.01,987.21,10.13060779395,3,981.75,996.0,4.357142857142922,0.0897,【Scalping模式】Bullish Pin Bar反转信号在支撑位$985，4H空头转弱允许反趋势交易。S/R强度：支撑$985（强度中等）， trapped traders：'做空者在支撑位被反弹 trapped'。R:R=3.11（止损981.75，止盈996）满足counter-trend要求≥2.0。杠杆3x因反趋势且信号得分中高。[Scalping Lesson: 忽略'Premature Exit'教训，因Scalping设计快速盈利了结],软失效(AI确认-scalping): Scalping动能停滞(slope=-0.009<0.05)+未盈利 | AI: AI确认失败，使用系统判断
2025-11-09 10:59:08,2025-11-09 11:27:27,LTC,多,0.8128163220282069,104.27,104.87,16.943969049,5,101.32,110.39,2.1168384879725,0.25172,"【V7.9必须】Signal Mode: Swing - 趋势起始（LONG）最强优先级信号，4H+1H趋势对齐，15m指标支持（MACD+0.3, RSI71, 成交量457%）。YTC Signal Type: NONE，但价格行为覆盖。Trapped Traders Psychology: 早期空头在突破时被止损，新多头推动趋势。S/R Strength/Context: 1H支撑$100，阻力$110，使用ATR止损调整以确保R:R。Leverage Rationale: 强信号5x杠杆，系统自动分配50%仓位。应用[Swing Lesson: let winners run longer]设置更宽止盈。",达第一目标$105，分批50% [分批50%]
2025-11-09 14:32:43,2025-11-09 14:45:46,BNB,空,0.0201449502014681,996.29,990.42,10.04407072095,2,999.9,977.2,7.345588235294008,0.11690828,【V7.9必须】Signal Mode: Scalping + Rationale: Bearish Pin Bar和Bull Exhaustion在阻力$996，反转信号强，适合15-45分钟快速进出。YTC Signal Type: 无明确YTC但类似BOF。Trapped Traders Psychology: 追多突破的交易者被困于阻力位。S/R Strength/Context: 阻力$996强度高，ATR 7.8提供缓冲。Leverage Rationale: 逆势模式，风险较高，使用2x杠杆控制风险。应用昨日教训[Swing Lesson: stricter confluence after yesterday's missed shorts]，但信号类型为Scalping，因此仅要求严格入场。,软失效(AI确认-scalping): Scalping反向信号:BULLISH_PIN_BAR | AI: AI确认失败，使用系统判断
2025-11-09 14:49:47,2025-11-09 15:02:21,ETH,多,0.011474860196341,3508.51,3504.99,13.422526467,3,3474.4,3585.28,2.1862068965517523,-0.03465,【Swing信号】Simple Pullback回调后恢复573%，4H空头转弱但1H/15m看涨形成Mode 2逆势机会。ATR计算SL/TP确保R:R=1.4，虽RSI 76超买但价格行动优先。预期波段持有捕捉趋势延续。无YTC信号，未应用昨日教训（信号类型不匹配）。杠杆3x基于MEDIUM信号评分。,【Swing信号平仓】PA检测到Bull Exhaustion (momentum_decay)，下跌动能衰减，空头应获利了结。虽然当前持仓亏损-0.01U，但遵循价格行动最高优先级原则，避免趋势反转风险。
2025-11-09 19:35:53,2025-11-09 19:42:03,LTC,多,0.6152929585209004,108.84,108.66,16.74365963375,4,108.20625,112.5,5.669902912621393,-0.0753375,【Swing模式】🚀🚀🚀 Trend Inception (LONG) 趋势转强加速信号，4H+1H+15m多头对齐（Mode 1），价格$108.75远离阻力$110，ATR 3.1提供合理缓冲。预期持仓4-6小时，目标捕捉波段上涨。杠杆4x因信号强度高（5/5指标共识：EMA/MACD/RSI/Volume/ATR均支持）且R:R≥2.0。忽略Bull Exhaustion警告因Trend Inception优先级更高，但设置紧止损。,【Swing模式】4H/1H/15m趋势全Bullish与空头头寸方向冲突，逆势持仓风险高。虽检测到Trend Inception信号但R:R=0.202无效，系统强制拒绝新开仓。平仓现有空头保护资本。
2025-11-09 20:20:16,2025-11-09 20:29:14,BNB,空,0.0200206639559956,1001.45,1001.08,10.027549749,2,1007.3,993.6,1.4551971326165072,0.0102,"【Scalping信号】Simple Pullback在阻力位$1,003，恢复94%表明弱势，4H空头转弱但1H看涨形成Mode2逆势。R:R=2.09:1优越，适合快速进出。忽略昨天Scalping教训：TP保守不适用，因Scalping需快速获利。杠杆2x因MEDIUM信号和逆势模式。预期持仓0.5小时，抓住阻力位反转。",软失效(AI确认-scalping): Scalping动能停滞(slope=-0.027<0.05)+未盈利 | AI: AI确认失败，使用系统判断
2025-11-09 21:05:46,2025-11-09 21:17:54,LTC,多,0.6000134105565529,111.484,111.58,13.3682987872,5,102.35,134.87,2.5933701657458528,-0.0384,【Swing模式】4H+1H+15m三重看涨趋势对齐，Simple Pullback回撤完成（恢复1010%），趋势强度确认。应用[Swing Lesson: let winners run longer]设置扩展TP目标。关键支撑104提供明确止损位，R:R=2.5:1优于要求。杠杆选择基于HIGH信号+R:R≥2.0+关键支撑位。,【Swing模式】4H+1H+15m三重看涨趋势对齐，简单回撤完成信号反对空头持仓，趋势矛盾风险。应用昨日教训：严格遵循趋势对齐，避免逆势持仓。
2025-11-09 22:32:13,2025-11-09 22:47:35,LTC,多,0.7482643361285266,111.4,111.1,16.70874262575,5,107.82,124.97,3.477806788511736,-0.21692,【V7.9必须】Signal Mode: Swing | 理由: 4H+1H+15m趋势对齐 + 🚀🚀🚀趋势起始强信号，适合波段持有 | YTC Signal Type: NONE | 陷阱交易者心理:  fading early sellers at pullback lows（在回调低点卖空的交易者将被趋势突破止损） | S/R强度: 支撑$104（1H），但趋势起始优先 | 杠杆理由: HIGH信号(趋势起始)+R:R=2.5:1+多时间框架确认,【V7.9必须】Signal Mode: Swing | 理由: 4H趋势为Bullish，与当前SHORT持仓矛盾，Bull Exhaustion信号显示多头衰竭，但空头持仓在趋势逆转风险下无效。趋势对齐原则要求平仓。无YTC信号，S/R强度不适用。
2025-11-09 23:33:31,2025-11-09 23:45:55,SOL,空,0.1461313088050207,164.11,163.95,7.994356800359999,3,166.0,159.0,2.7234042553191578,0.02359737,【V7.9必须】Signal Mode: Scalping + Rationale: Bearish Pin Bar在支撑位$161，15m多头转弱，1H看涨但4H空头转弱，Mode2逆势交易，反转信号明确。YTC Signal Type: NONE + Trapped Traders Psychology: 多头在支撑位尝试反弹失败，被Pin Bar反转 trapped + S/R Strength/Context: 支撑位强度中等，但反转信号优先 + Leverage Rationale: R:R 3.43:1 > 2.0 (+2x)，估计指标共识3/5 (+0.5x)，基础1x，总和3.5x取整3x。预期持仓短，快速获利。,软失效(AI确认-scalping): Scalping反向信号:EXHAUSTION_MOMENTUM_DECAY | AI: AI确认失败，使用系统判断
2025-11-10 20:48:21,2025-11-10 21:04:18,XRP,多,32.87955791398507,2.5332,2.5428,16.65481126575,5,2.51735,3.1,36.95765472312656,0.32093652,【V7.9必须】Signal Mode: Swing | Rationale: 4H+1H+15m趋势对齐Mode1顺势，简单回撤在支撑位完成，价格行动🎯 Simple Pullback提供最优时机，止损设在1H支撑下方ATR缓冲，止盈扩展1.3x应用昨天教训【Swing Lesson: let winners run longer】。YTC信号未检测到，但价格行动强。陷阱交易者心理：Fading early sellers at pullback low（在回撤低点做空的交易者将被止损）。S/R强度：支撑位强度高（基于价格行动at_support）。杠杆理由：HIGH信号趋势对齐+R:R>3.5+关键支撑位。,【V7.9必须】Signal Mode: Swing | Rationale: 4H看涨趋势与当前空头头寸冲突，价格行为简单回撤在支撑位，空头头寸亏损，应关闭以控制风险。无YTC信号。
2025-11-10 13:15:49,2025-11-10 13:18:15,XRP,多,26.142645755725187,2.5537,2.5542,13.3562777166,5,2.36,3.22,3.421593830334189,0.02088,"【V7.9必须】Signal Mode: Swing - Rationale: Strong Trend Inception with 4H+1H+15m bullish alignment, Bullish Engulfing PA at support, optimal for medium-term momentum riding. Applied Swing lesson: Expand TP by 1.3x to avoid conservative exits. YTC Signal Type: NONE. Trapped Traders Psychology: Sellers trapped during weak pullback forced to cover as trend accelerates. S/R Strength: Support $2 (strength 3/5), Resistance $3 (strength 4/5). Leverage Rationale: High signal score (90+) with Trend Inception, 5x leverage for maximum gain within risk limits.",【退出操作】强烈多头趋势inception信号（🚀🚀🚀）与空头持仓冲突，根据退出条件Level 1（4H强反转信号）立即平仓保护资本。R:R计算新多头入场仅0.82:1，拒绝开仓。
2025-11-10 14:59:33,2025-11-10 15:00:21,BNB,空,0.0678394703735325,983.99,983.88,13.3487725854,5,997.74,926.78,4.10871130309576,0.0033,【Swing模式】🚀🚀🚀 Trend Inception (SHORT)信号，4H熊市趋势对齐，1H模式Counter支持做空，15m熊市确认。YTC信号未检测。S/R强度：阻力$996，支撑$975。杠杆 rationale：高信号Score≥75，R:R≥2.0，5/5共识（趋势 inception），关键阻力位，符合5x杠杆条件。应用昨天Swing教训：扩展止盈1.3x（原ATR计算止盈$926.78，实际使用更宽目标）。,达第一目标$981，分批50% [分批50%]
