开仓时间,平仓时间,币种,方向,数量,开仓价格,平仓价格,仓位(U),杠杆率,止损,止盈,盈亏比,盈亏(U),开仓理由,平仓理由,信号分数,共振指标数
2025-11-02 18:48:38,2025-11-02 19:01:44,BTC,做空,0.001,108763.8,109040.1,108.76,5.0,0.0,0.0,-0.25,-0.28,[PAPI恢复],[止损],,
2025-11-02 19:19:45,2025-11-02 19:45:16,BTC,做空,0.001,108386.6,108123.0,108.39,5.0,0.0,0.0,0.24,0.26,[PAPI恢复],[止盈],,
2025-11-03 09:31:09,2025-11-03 09:31:20,BTC,做多,0.001,107145.8,107133.8,107.15,5.0,0.0,0.0,-0.01,-0.01,[PAPI恢复],[止损],,
2025-11-04 01:18:24,2025-11-04 01:30:32,BTC,做空,0.001,103914.5,103824.9,103.91,5.0,0.0,0.0,0.09,0.09,[PAPI恢复],[止盈],,
2025-11-04 07:19:04,2025-11-04 07:45:25,BTC,做空,0.001,104390.2,103992.1,104.39,5.0,0.0,0.0,0.38,0.4,[PAPI恢复],[止盈],,
2025-11-04 21:35:46,2025-11-04 22:00:29,BTC,做空,0.001,101788.7,101731.3,101.79,5.0,0.0,0.0,0.06,0.06,[PAPI恢复],[止盈],,
2025-11-05 01:03:49,2025-11-05 01:09:31,BTC,做空,0.001,101760.0,102143.3,101.76,5.0,0.0,0.0,-0.38,-0.38,[PAPI恢复],[止损],,
2025-11-05 03:00:26,2025-11-05 09:07:49,BTC,做多,0.001,101380.5,103519.5,101.38,5.0,0.0,0.0,2.11,2.14,[PAPI恢复],[止盈],,
2025-11-05 09:48:52,2025-11-06 07:18:17,BTC,做多,0.001,103531.5,102344.9,103.53,5.0,0.0,0.0,-1.15,-1.19,[PAPI恢复],[止损],,
2025-11-06 07:20:32,2025-11-06 08:03:56,BTC,做多,0.001,102689.0,102002.4,102.69,5.0,0.0,0.0,-0.67,-0.69,[PAPI恢复],[止损],,
2025-11-06 08:15:27,2025-11-06 10:50:06,BTC,做多,0.001,101814.0,102294.9,101.81,5.0,0.0,0.0,0.47,0.48,[PAPI恢复],[止盈],,
2025-11-02 15:17:30,2025-11-02 15:39:22,ETH,做空,0.012,3873.81,3892.07,46.49,5.0,0.0,0.0,-0.47,-0.22,[PAPI恢复],[止损],,
2025-11-02 19:01:18,2025-11-02 19:01:37,ETH,做空,0.013,3800.82,3801.19,49.41,5.0,0.0,0.0,-0.01,-0.0,[PAPI恢复],[止损],,
2025-11-02 19:19:50,2025-11-02 19:30:16,ETH,做空,0.016,3764.25,3743.56,60.23,5.0,0.0,0.0,0.55,0.33,[PAPI恢复],[止盈],,
2025-11-02 20:08:49,2025-11-02 20:45:13,ETH,做空,0.01,3721.51,3729.35,37.22,5.0,0.0,0.0,-0.21,-0.08,[PAPI恢复],[止损],,
2025-11-03 21:48:56,2025-11-03 22:00:22,ETH,做空,0.017,3506.11,3489.72,59.6,5.0,0.0,0.0,0.47,0.28,[PAPI恢复],[止盈],,
2025-11-04 05:33:36,2025-11-04 05:45:28,ETH,做空,0.019,3510.31,3511.46,66.7,5.0,0.0,0.0,-0.03,-0.02,[PAPI恢复],[止损],,
2025-11-04 09:32:22,2025-11-04 09:45:25,ETH,做空,0.015,3402.6,3389.49,51.04,5.0,0.0,0.0,0.39,0.2,[PAPI恢复],[止盈],,
2025-11-04 12:03:27,2025-11-04 12:16:51,ETH,做多,0.016,3230.0,3197.47,51.68,5.0,0.0,0.0,-1.01,-0.52,[PAPI恢复],[止损],,
2025-11-04 20:05:30,2025-11-04 20:15:27,ETH,做空,0.02,3336.82,3327.55,66.74,5.0,0.0,0.0,0.28,0.19,[PAPI恢复],[止盈],,
2025-11-04 22:19:31,2025-11-04 22:45:27,ETH,做空,0.025,3335.78,3323.16,83.39,5.0,0.0,0.0,0.38,0.32,[PAPI恢复],[止盈],,
2025-11-05 00:04:27,2025-11-05 00:15:24,ETH,做空,0.02,3316.51,3312.54,66.33,5.0,0.0,0.0,0.12,0.08,[PAPI恢复],[止盈],,
2025-11-05 05:48:33,2025-11-05 05:54:13,ETH,做空,0.02,3355.41,3371.82,67.11,5.0,0.0,0.0,-0.49,-0.33,[PAPI恢复],[止损],,
2025-11-05 09:17:28,2025-11-05 09:48:56,ETH,做空,0.019,3426.01,3426.0,65.09,5.0,0.0,0.0,0.0,0.0,[PAPI恢复],[止盈],,
2025-11-05 20:50:31,2025-11-05 21:03:43,ETH,做空,0.008,3448.99,3445.87,27.59,5.0,0.0,0.0,0.09,0.02,[PAPI恢复],[止盈],,
2025-11-06 07:18:20,2025-11-06 07:20:31,ETH,做空,0.025,3344.47,3356.52,83.61,5.0,0.0,0.0,-0.36,-0.3,[PAPI恢复],[止损],,
2025-11-06 07:32:44,2025-11-06 08:02:59,ETH,做空,0.019,3335.31,3305.43,63.37,5.0,0.0,0.0,0.9,0.57,[PAPI恢复],[止盈],,
2025-11-06 10:48:56,2025-11-06 12:40:09,ETH,做空,0.02,3347.76,3300.54,66.96,5.0,0.0,0.0,1.41,0.94,[PAPI恢复],[止盈],,
2025-11-06 19:05:15,2025-11-06 19:16:40,ETH,做空,0.02,3352.83,3362.44,67.06,5.0,0.0,0.0,-0.29,-0.19,[PAPI恢复],[止损],,
2025-11-06 20:17:22,2025-11-06 21:04:26,ETH,做空,0.025,3333.99,3345.3,83.35,5.0,0.0,0.0,-0.34,-0.28,[PAPI恢复],[止损],,
2025-11-06 23:21:01,2025-11-06 23:34:09,ETH,做空,0.015,3362.21,3338.84,50.43,5.0,0.0,0.0,0.7,0.35,[PAPI恢复],[止盈],,
2025-11-02 20:47:09,2025-11-02 20:59:15,SOL,做空,0.28,177.21,177.87,49.62,5.0,0.0,0.0,-0.37,-0.18,[PAPI恢复],[止损],,
2025-11-03 14:49:04,2025-11-03 15:15:26,SOL,做空,0.37,165.8,164.83,61.35,5.0,0.0,0.0,0.59,0.36,[PAPI恢复],[止盈],,
2025-11-03 23:26:29,2025-11-03 23:30:29,SOL,做空,0.19,157.93,157.18,30.01,5.0,0.0,0.0,0.47,0.14,[PAPI恢复],[止盈],,
2025-11-05 05:38:22,2025-11-05 05:43:12,SOL,做空,0.19,158.4,159.36,30.1,5.0,0.0,0.0,-0.61,-0.18,[PAPI恢复],[止损],,
2025-11-05 09:07:10,2025-11-05 10:19:09,SOL,做空,0.41,161.25,162.37,66.11,5.0,0.0,0.0,-0.69,-0.46,[PAPI恢复],[止损],,
2025-11-06 04:33:13,2025-11-06 05:01:15,SOL,做空,0.42,158.16,157.74,66.43,5.0,0.0,0.0,0.27,0.18,[PAPI恢复],[止盈],,
2025-11-06 05:05:11,2025-11-06 10:48:51,SOL,做多,0.21,157.74,158.27,33.13,5.0,0.0,0.0,0.34,0.11,[PAPI恢复],[止盈],,
2025-11-06 11:32:39,2025-11-06 19:18:42,SOL,做多,0.42,157.37,157.78,66.1,5.0,0.0,0.0,0.26,0.17,[PAPI恢复],[止盈],,
2025-11-06 19:49:04,2025-11-08 05:10:37,SOL,做多,0.43,157.22,158.85,67.6,5.0,0.0,0.0,1.04,0.7,[PAPI恢复],[止盈],,
2025-11-08 05:10:52,2025-11-08 05:21:50,SOL,做空,0.42,158.87,159.16,66.73,5.0,0.0,0.0,-0.18,-0.12,[PAPI恢复],[止损],,
2025-11-02 19:01:21,2025-11-02 19:01:41,BNB,做空,0.04,1060.44,1060.8,42.42,5.0,0.0,0.0,-0.03,-0.01,[PAPI恢复],[止损],,
2025-11-02 19:19:53,2025-11-02 19:30:19,BNB,做空,0.05,1053.81,1051.12,52.69,5.0,0.0,0.0,0.26,0.13,[PAPI恢复],[止盈],,
2025-11-02 20:04:39,2025-11-02 20:05:44,BNB,做空,0.06,1043.21,1040.98,62.59,5.0,0.0,0.0,0.21,0.13,[PAPI恢复],[止盈],,
2025-11-03 03:04:42,2025-11-03 03:15:30,BNB,做空,0.06,1015.59,1012.25,60.94,5.0,0.0,0.0,0.33,0.2,[PAPI恢复],[止盈],,
2025-11-05 05:48:36,2025-11-05 05:53:49,BNB,做空,0.05,956.17,960.82,47.81,5.0,0.0,0.0,-0.49,-0.23,[PAPI恢复],[止损],,
2025-11-05 09:07:14,2025-11-05 09:48:59,BNB,做空,0.06,962.1,960.91,57.73,5.0,0.0,0.0,0.12,0.07,[PAPI恢复],[止盈],,
2025-11-05 10:48:00,2025-11-05 11:33:36,BNB,做空,0.06,965.42,960.51,57.93,5.0,0.0,0.0,0.51,0.29,[PAPI恢复],[止盈],,
2025-11-05 23:33:54,2025-11-06 00:00:23,BNB,做空,0.07,952.32,950.57,66.66,5.0,0.0,0.0,0.18,0.12,[PAPI恢复],[止盈],,
2025-11-07 01:37:15,2025-11-07 02:00:29,BNB,做空,0.04,956.95,957.23,38.28,5.0,0.0,0.0,-0.03,-0.01,[PAPI恢复],[止损],,
2025-11-06 15:02:55,2025-11-06 15:15:24,XRP,做空,38.6,2.21,2.21,85.38,5.0,0.0,0.0,0.3,0.25,[PAPI恢复],[止盈],,
2025-11-06 15:48:43,2025-11-06 19:18:38,XRP,做多,4.9,2.21,2.23,10.84,5.0,0.0,0.0,0.86,0.09,[PAPI恢复],[止盈],,
2025-11-07 03:32:24,2025-11-07 03:48:33,DOGE,做空,525.0,0.16,0.16,85.35,5.0,0.0,0.0,-0.18,-0.16,[PAPI恢复],[止损],,
2025-11-03 21:48:53,2025-11-03 22:15:13,LTC,做空,0.406,86.26,87.3,35.02,5.0,0.0,0.0,-1.21,-0.42,[PAPI恢复],[止损],,
2025-11-04 04:34:54,2025-11-04 04:35:48,LTC,做多,0.602,86.49,86.27,52.07,5.0,0.0,0.0,-0.25,-0.13,[PAPI恢复],[止损],,
2025-11-04 13:48:10,2025-11-04 14:08:39,LTC,做空,0.639,81.29,84.16,51.94,5.0,0.0,0.0,-3.53,-1.83,[PAPI恢复],[止损],,
2025-11-05 09:07:56,2025-11-05 09:49:02,LTC,做空,0.534,88.14,87.91,47.07,5.0,0.0,0.0,0.26,0.12,[PAPI恢复],[止盈],,
2025-11-06 01:41:29,2025-11-06 02:06:32,LTC,做空,0.575,87.2,86.99,50.14,5.0,0.0,0.0,0.24,0.12,[PAPI恢复],[止盈],,
2025-11-06 06:50:35,2025-11-06 07:03:40,LTC,做空,0.957,87.35,86.94,83.59,5.0,0.0,0.0,0.47,0.39,[PAPI恢复],[止盈],,
2025-11-06 12:03:44,2025-11-06 12:15:35,LTC,做空,0.779,87.55,87.62,68.2,5.0,0.0,0.0,-0.08,-0.05,[PAPI恢复],[止损],,
2025-11-09 01:16:25,2025-11-09 01:20:14,SOL,空,0.0640361488164918,159.12,159.64,10.196475976049998,1.0,160.28744999999998,154.8,4.189323372263488,-0.0336,【V7.9必须】Signal Mode: Scalping + Rationale: Bearish Pin Bar反转信号在4H空头转弱背景下，适合快速短线做空，尽管15m牛市但价格行动优先 + YTC Signal Type: NONE + Trapped Traders Psychology: 无 + S/R Strength/Context: 非关键S/R位，但PinBar提供反转确认 + Leverage Rationale: 中等信号得分，R:R 1.51，共识不足，故1x杠杆,软失效(AI确认-scalping): Scalping动能停滞(slope=0.014<0.05)+未盈利 | AI: AI确认失败，使用系统判断,,
2025-11-09 01:35:18,2025-11-09 01:52:39,ETH,多,0.0198776508119509,3418.64,3402.3,16.986993136749998,4.0,3402.65,3490.7,4.622605363984709,-0.3248008142672715,"【Swing信号】Simple Pullback回撤0.8%后恢复60%，位于1H支撑$3,414上方，4H空头转弱但1H+15m牛市确认趋势延续。无YTC信号但价格行动优先。止损设于1H强支撑-$3,402.65（ATR×0.5缓冲），止盈$3,490.7（1H阻力+ATR×1.0），R:R 4.63:1。应用昨日教训：避免过早退出，预期持有5小时（ETH推荐时长）。杠杆基于HIGH信号+R:R≥2.0+4/5指标共识。",系统检测：已被止损/止盈自动平仓,,
2025-11-09 02:07:05,2025-11-09 02:33:36,SOL,空,0.5364695588104749,157.65,157.44,16.921322823999997,5.0,158.65,154.7,3.2021276595744963,0.10695307,【Swing模式】强趋势inception(SHORT)信号，4H看跌对齐，1H空头转弱支持，价格在阻力位$158，R:R=9.97高，15m指标MACD负、RSI中性、Vol高提供共识。被困交易者：在阻力位买入的交易者面临止损压力。S/R强度：阻力位$158（1H），强度中等。杠杆原理：HIGH信号+R:R≥2.0+关键水平，系统自动5x杠杆。应用昨天教训[Swing Lesson: let winners run longer] - 设置TP基于1H支撑，让赢家运行。,【Swing模式】出现⚠️Bear Exhaustion (momentum_decay)强制退出信号，必须立即平仓。4H看跌但动量衰减，避免利润回吐（PnL +0.01U）。[Swing Lesson: 严格执行退出信号],,
2025-11-09 02:07:12,2025-11-09 02:33:28,ETH,空,0.0149695438043141,3389.0,3390.11,16.921322823999997,3.0,3425.95,3333.1,1.6681034482758803,-0.01554,"【Swing模式】趋势inception(SHORT)信号，但4H看跌与1H看涨冲突（Mode2逆势），价格在阻力位$3,414，R:R=2.83合格，15m指标MACD负、RSI中性、Vol高提供部分共识。被困交易者：在阻力位追多的交易者被困。S/R强度：阻力位$3,414（1H），强度中等。杠杆原理：MEDIUM信号因逆势，减少仓位至25%，杠杆3x。应用昨天教训[Swing Lesson: stricter confluence after yesterday's SL] - 要求更严格趋势对齐。",【Swing模式】出现⚠️Bear Exhaustion (momentum_decay)强制退出信号，根据价格行动优先级必须立即平仓。4H看跌但1H转弱，趋势矛盾，保护现有利润（PnL -0.08U）。[Swing Lesson: 严格执行退出信号避免回撤],,
2025-11-09 02:33:43,2025-11-09 02:54:36,BNB,多,0.0308731355653132,984.01,987.21,10.13060779395,3.0,981.75,996.0,4.357142857142922,0.0897,【Scalping模式】Bullish Pin Bar反转信号在支撑位$985，4H空头转弱允许反趋势交易。S/R强度：支撑$985（强度中等）， trapped traders：'做空者在支撑位被反弹 trapped'。R:R=3.11（止损981.75，止盈996）满足counter-trend要求≥2.0。杠杆3x因反趋势且信号得分中高。[Scalping Lesson: 忽略'Premature Exit'教训，因Scalping设计快速盈利了结],软失效(AI确认-scalping): Scalping动能停滞(slope=-0.009<0.05)+未盈利 | AI: AI确认失败，使用系统判断,,
2025-11-09 02:59:08,2025-11-09 03:27:27,LTC,多,0.8128163220282069,104.27,104.87,16.943969049,5.0,101.32,110.39,2.1168384879725,0.25172,"【V7.9必须】Signal Mode: Swing - 趋势起始（LONG）最强优先级信号，4H+1H趋势对齐，15m指标支持（MACD+0.3, RSI71, 成交量457%）。YTC Signal Type: NONE，但价格行为覆盖。Trapped Traders Psychology: 早期空头在突破时被止损，新多头推动趋势。S/R Strength/Context: 1H支撑$100，阻力$110，使用ATR止损调整以确保R:R。Leverage Rationale: 强信号5x杠杆，系统自动分配50%仓位。应用[Swing Lesson: let winners run longer]设置更宽止盈。",达第一目标$105，分批50% [分批50%],,
2025-11-09 06:32:43,2025-11-09 06:45:46,BNB,空,0.0201449502014681,996.29,990.42,10.04407072095,2.0,999.9,977.2,7.345588235294008,0.11690828,【V7.9必须】Signal Mode: Scalping + Rationale: Bearish Pin Bar和Bull Exhaustion在阻力$996，反转信号强，适合15-45分钟快速进出。YTC Signal Type: 无明确YTC但类似BOF。Trapped Traders Psychology: 追多突破的交易者被困于阻力位。S/R Strength/Context: 阻力$996强度高，ATR 7.8提供缓冲。Leverage Rationale: 逆势模式，风险较高，使用2x杠杆控制风险。应用昨日教训[Swing Lesson: stricter confluence after yesterday's missed shorts]，但信号类型为Scalping，因此仅要求严格入场。,软失效(AI确认-scalping): Scalping反向信号:BULLISH_PIN_BAR | AI: AI确认失败，使用系统判断,,
2025-11-09 06:49:47,2025-11-09 07:02:21,ETH,多,0.011474860196341,3508.51,3504.99,13.422526467,3.0,3474.4,3585.28,2.1862068965517523,-0.03465,【Swing信号】Simple Pullback回调后恢复573%，4H空头转弱但1H/15m看涨形成Mode 2逆势机会。ATR计算SL/TP确保R:R=1.4，虽RSI 76超买但价格行动优先。预期波段持有捕捉趋势延续。无YTC信号，未应用昨日教训（信号类型不匹配）。杠杆3x基于MEDIUM信号评分。,【Swing信号平仓】PA检测到Bull Exhaustion (momentum_decay)，下跌动能衰减，空头应获利了结。虽然当前持仓亏损-0.01U，但遵循价格行动最高优先级原则，避免趋势反转风险。,,
2025-11-09 11:35:53,2025-11-09 11:42:03,LTC,多,0.6152929585209004,108.84,108.66,16.74365963375,4.0,108.20625,112.5,5.669902912621393,-0.0753375,【Swing模式】🚀🚀🚀 Trend Inception (LONG) 趋势转强加速信号，4H+1H+15m多头对齐（Mode 1），价格$108.75远离阻力$110，ATR 3.1提供合理缓冲。预期持仓4-6小时，目标捕捉波段上涨。杠杆4x因信号强度高（5/5指标共识：EMA/MACD/RSI/Volume/ATR均支持）且R:R≥2.0。忽略Bull Exhaustion警告因Trend Inception优先级更高，但设置紧止损。,【Swing模式】4H/1H/15m趋势全Bullish与空头头寸方向冲突，逆势持仓风险高。虽检测到Trend Inception信号但R:R=0.202无效，系统强制拒绝新开仓。平仓现有空头保护资本。,,
2025-11-09 12:20:16,2025-11-09 12:29:14,BNB,空,0.0200206639559956,1001.45,1001.08,10.027549749,2.0,1007.3,993.6,1.4551971326165072,0.0102,"【Scalping信号】Simple Pullback在阻力位$1,003，恢复94%表明弱势，4H空头转弱但1H看涨形成Mode2逆势。R:R=2.09:1优越，适合快速进出。忽略昨天Scalping教训：TP保守不适用，因Scalping需快速获利。杠杆2x因MEDIUM信号和逆势模式。预期持仓0.5小时，抓住阻力位反转。",软失效(AI确认-scalping): Scalping动能停滞(slope=-0.027<0.05)+未盈利 | AI: AI确认失败，使用系统判断,,
2025-11-09 13:05:46,2025-11-09 13:17:54,LTC,多,0.6000134105565529,111.484,111.58,13.3682987872,5.0,102.35,134.87,2.5933701657458528,-0.0384,【Swing模式】4H+1H+15m三重看涨趋势对齐，Simple Pullback回撤完成（恢复1010%），趋势强度确认。应用[Swing Lesson: let winners run longer]设置扩展TP目标。关键支撑104提供明确止损位，R:R=2.5:1优于要求。杠杆选择基于HIGH信号+R:R≥2.0+关键支撑位。,【Swing模式】4H+1H+15m三重看涨趋势对齐，简单回撤完成信号反对空头持仓，趋势矛盾风险。应用昨日教训：严格遵循趋势对齐，避免逆势持仓。,,
2025-11-09 14:32:13,2025-11-09 14:47:35,LTC,多,0.7482643361285266,111.4,111.1,16.70874262575,5.0,107.82,124.97,3.477806788511736,-0.21692,【V7.9必须】Signal Mode: Swing | 理由: 4H+1H+15m趋势对齐 + 🚀🚀🚀趋势起始强信号，适合波段持有 | YTC Signal Type: NONE | 陷阱交易者心理:  fading early sellers at pullback lows（在回调低点卖空的交易者将被趋势突破止损） | S/R强度: 支撑$104（1H），但趋势起始优先 | 杠杆理由: HIGH信号(趋势起始)+R:R=2.5:1+多时间框架确认,【V7.9必须】Signal Mode: Swing | 理由: 4H趋势为Bullish，与当前SHORT持仓矛盾，Bull Exhaustion信号显示多头衰竭，但空头持仓在趋势逆转风险下无效。趋势对齐原则要求平仓。无YTC信号，S/R强度不适用。,,
2025-11-09 15:33:31,2025-11-09 15:45:55,SOL,空,0.1461313088050207,164.11,163.95,7.994356800359999,3.0,166.0,159.0,2.7234042553191578,0.02359737,【V7.9必须】Signal Mode: Scalping + Rationale: Bearish Pin Bar在支撑位$161，15m多头转弱，1H看涨但4H空头转弱，Mode2逆势交易，反转信号明确。YTC Signal Type: NONE + Trapped Traders Psychology: 多头在支撑位尝试反弹失败，被Pin Bar反转 trapped + S/R Strength/Context: 支撑位强度中等，但反转信号优先 + Leverage Rationale: R:R 3.43:1 > 2.0 (+2x)，估计指标共识3/5 (+0.5x)，基础1x，总和3.5x取整3x。预期持仓短，快速获利。,软失效(AI确认-scalping): Scalping反向信号:EXHAUSTION_MOMENTUM_DECAY | AI: AI确认失败，使用系统判断,,
2025-11-10 12:48:21,2025-11-10 13:04:18,XRP,多,32.87955791398507,2.5332,2.5428,16.65481126575,5.0,2.51735,3.1,36.95765472312656,0.32093652,【V7.9必须】Signal Mode: Swing | Rationale: 4H+1H+15m趋势对齐Mode1顺势，简单回撤在支撑位完成，价格行动🎯 Simple Pullback提供最优时机，止损设在1H支撑下方ATR缓冲，止盈扩展1.3x应用昨天教训【Swing Lesson: let winners run longer】。YTC信号未检测到，但价格行动强。陷阱交易者心理：Fading early sellers at pullback low（在回撤低点做空的交易者将被止损）。S/R强度：支撑位强度高（基于价格行动at_support）。杠杆理由：HIGH信号趋势对齐+R:R>3.5+关键支撑位。,【V7.9必须】Signal Mode: Swing | Rationale: 4H看涨趋势与当前空头头寸冲突，价格行为简单回撤在支撑位，空头头寸亏损，应关闭以控制风险。无YTC信号。,,
2025-11-10 05:15:49,2025-11-10 05:18:15,XRP,多,26.142645755725187,2.5537,2.5542,13.3562777166,5.0,2.36,3.22,3.421593830334189,0.02088,"【V7.9必须】Signal Mode: Swing - Rationale: Strong Trend Inception with 4H+1H+15m bullish alignment, Bullish Engulfing PA at support, optimal for medium-term momentum riding. Applied Swing lesson: Expand TP by 1.3x to avoid conservative exits. YTC Signal Type: NONE. Trapped Traders Psychology: Sellers trapped during weak pullback forced to cover as trend accelerates. S/R Strength: Support $2 (strength 3/5), Resistance $3 (strength 4/5). Leverage Rationale: High signal score (90+) with Trend Inception, 5x leverage for maximum gain within risk limits.",【退出操作】强烈多头趋势inception信号（🚀🚀🚀）与空头持仓冲突，根据退出条件Level 1（4H强反转信号）立即平仓保护资本。R:R计算新多头入场仅0.82:1，拒绝开仓。,,
2025-11-10 06:59:33,2025-11-10 07:00:21,BNB,空,0.0678394703735325,983.99,983.88,13.3487725854,5.0,997.74,926.78,4.10871130309576,0.0033,【Swing模式】🚀🚀🚀 Trend Inception (SHORT)信号，4H熊市趋势对齐，1H模式Counter支持做空，15m熊市确认。YTC信号未检测。S/R强度：阻力$996，支撑$975。杠杆 rationale：高信号Score≥75，R:R≥2.0，5/5共识（趋势 inception），关键阻力位，符合5x杠杆条件。应用昨天Swing教训：扩展止盈1.3x（原ATR计算止盈$926.78，实际使用更宽目标）。,达第一目标$981，分批50% [分批50%],,
2025-11-11 11:02:32,2025-11-11 11:18:20,LTC,多,0.6516473375720848,102.33,102.45,16.66750977675,4.0,101.7288,106.61,7.398485891259335,0.08960185,【V7.9必须】Signal Mode: Swing | Rationale: Simple Pullback在支撑位（回撤0.3%，恢复83%），趋势内最优入场，4H多头转弱但价格行为确认延续 | YTC Signal Type: NONE | Trapped Traders Psychology: 无YTC信号 | S/R Strength/Context: 支撑位强度中等，1H S/R清晰 | Leverage Rationale: 信号分数高（Simple Pullback优先级2），R:R≥3.5，4x杠杆平衡风险与收益 | [Swing Lesson: 扩展TP 1.3倍 after yesterday's conservative TP miss],【V7.9必须】Signal Mode: Swing |  Rationale: 牛势耗尽信号 + 接近支撑位102 + R:R仅0.4:1远低于3.5要求 + 应用昨日Swing教训：保护资金优先 | YTC Signal Type: NONE | Trapped Traders: 无 | S/R Strength/Context: 支撑102强度中等 | Leverage Rationale: 平仓无需杠杆,,
2025-11-11 13:48:17,2025-11-11 13:55:35,LTC,多,0.6537065097156861,102.02,101.34,16.669515997749997,4.0,101.35,105.7,5.692307692307647,-0.4445204266066617,【Swing Lesson: 应用昨天教训对于Swing信号严格入场】Signal Mode: Swing | 简单回调在支撑$102，回撤0.5%恢复87%，高R:R 7.37:1 | 无YTC信号 | 陷阱交易者：在支撑位做空者被反弹 trapped | S/R强度：支撑强度中等，上下文为4H多头转弱但1H熊市 | 杠杆理由：R:R>2.0 (+2x)，关键水平支撑(+1x)，信号分数高(+1x)，总分4x,系统检测：已被止损/止盈自动平仓,,
2025-11-11 14:18:13,2025-11-11 15:26:52,SOL,空,0.4085803232503696,162.35,161.37,13.264151614,5.0,166.58,146.92,3.615023474178389,0.202,【Swing信号】🚀🚀🚀趋势起始空头与4H熊市对齐，ATR止损计算R:R=3.5满足要求。陷阱交易者：在支撑位做多的交易者被突破 trapped。S/R强度：阻力$169（强度中），杠杆5x因强信号+5/5指标共识（趋势起始覆盖）。【应用Swing教训】严格入场 confluence，保持原TP因R:R已达标。,达第一目标$161，分批50% [分批50%],,
2025-11-11 15:43:56,2025-11-11 16:15:19,BTC,空,0.001,103504.7,103520.9,20.70952,5.0,104826.34,96557.84,5.466130722429939,-0.0104,"【Swing信号】🚀🚀🚀 Trend Inception (SHORT)趋势起始与4H熊市部分对齐（Mode2），1H和15m指标偏空（MACD-93.1, RSI22, Vol209%），价格行为强烈做空。无YTC信号。止损基于1H ATR计算，R:R=4.9满足要求。杠杆5x因信号强度高（Trend Inception）且R:R≥4.9。",达第一目标$103135，分批50%,,
2025-11-11 18:03:50,2025-11-11 18:17:36,SOL,空,0.522660516732098,159.18,158.87,16.64151085275,5.0,160.24724999999998,142.69,15.765099068990338,0.182,【Swing模式】趋势inception做空信号，4H/1H/15m趋势对齐看跌，弱回撤后加速。YTC信号类型：NONE。被困交易者心理：早期多头在回撤低点被困，趋势转强加速将触发其止损。S/R强度：阻力$169（强度中），支撑$158。杠杆原理：强信号(趋势inception) + 5/5指标共识 + 关键阻力位，符合5x杠杆条件。应用Swing教训：扩大TP至支撑以下，要求严格趋势对齐以避免昨日高SL率。,【Swing模式】持仓中出现⚠️空头衰竭信号（doji_at_low），根据退出条件Level 1强反转信号必须立即平仓。昨日教训应用：严格遵循价格行动退出信号，保护既有盈利。,,
2025-11-11 18:47:42,2025-11-11 19:15:27,LTC,多,0.299764515979402,100.04,100.19,9.9931497477,3.0,99.3,105.6,7.873239436619615,0.03588,【V7.9必须】Signal Mode: Scalping - 反趋势反转信号，看涨Pin Bar和简单回调在支撑位，空头衰竭表示短期反弹机会；YTC Signal Type: NONE；Trapped Traders Psychology: 空头在支撑位被困，因长下影线和快速恢复；S/R Strength/Context: 1H支撑$100，强度中等；Leverage Rationale: 信号分数中等（估计65），反趋势风险，使用3x杠杆平衡风险与回报；【Swing Lesson: 忽略TP保守教训，因剥头皮模式需快速退出】,软失效(AI确认-scalping): Scalping动能停滞(slope=0.013<0.05)+未盈利 | AI: AI确认失败，使用系统判断,,
2025-11-11 19:47:47,2025-11-11 20:00:20,SOL,空,0.4215045499240891,157.95,157.42,13.3262878504,5.0,161.36,141.18,5.152439024390244,0.1155,【Swing模式】强趋势起始SHORT（🚀🚀🚀），4H+1H+15m趋势对齐，趋势转强加速入场。无YTC信号，使用1H ATR计算风控。杠杆理由：强信号（5/5趋势对齐）+高R/R（4.9:1）+趋势起始优先级1。预期持仓3小时（参考币种特性）。,达第一目标$157，分批50% [分批50%],,
2025-11-11 19:47:48,2025-11-11 20:00:18,BNB,空,0.0692497731757761,961.84,961.01,13.3262878504,5.0,977.78,888.1,4.752405388069303,0.021552395,【Swing模式】强趋势起始SHORT（🚀🚀🚀），4H+1H+15m趋势对齐，趋势转强加速入场。无YTC信号，使用1H ATR计算风控。杠杆理由：强信号（5/5趋势对齐）+高R/R（4.9:1）+趋势起始优先级1。预期持仓4小时（参考币种特性）。,达第一目标$960，分批50% [分批50%],,
2025-11-11 21:17:24,2025-11-11 21:33:11,XRP,多,34.69363394215976,2.405,0.0,16.6869440535,5.0,2.399,2.48,12.728813559321988,-0.17712155,【Swing模式】YTC PB信号（简单回撤完成，弱势评分推断≥0.85）+ 在支撑位 + 回撤0.7%恢复64%最优时机 + 被困交易者：'在回撤低点卖出的空头交易者被困，趋势恢复将触发其止损' + S/R强度：支撑有效 + 杠杆理由：高分信号(简单回撤Priority 2) + R:R 6.36:1 > 4.9要求 + 5/5指标共识潜力,已被止损/止盈自动平仓,,
2025-11-12 00:19:23,2025-11-12 01:00:19,BNB,空,0.0865168751105159,961.54,956.01,16.635464746249998,5.0,971.8,859.78,9.771153846153869,0.209064245,【Swing模式】趋势起始做空在4H看跌趋势中加速下跌，1H阻力$985提供止损参考。应用昨日Swing教训：扩展TP 1.3x以让盈利奔跑。ATR止损缓冲避免噪音。杠杆5x因信号强度高但头寸调整控制单笔损失≤2%。,达第一目标$955，分批50% [分批50%],,
2025-11-12 04:32:32,2025-11-12 05:02:19,BNB,空,0.0695251025957779,959.11,959.99,16.67298866625,4.0,988.85,813.5,4.923986486486482,-0.05570872,【Swing信号】4H看跌趋势 + 简单回调完成（回调0.4%，恢复83%）于阻力位$985，空头最优入场。被困交易者：在回调中买入的多头将被止损。S/R强度：阻力$985（强度中高）。杠杆理由：趋势对齐+价格行动确认，得分≥75，适用4x杠杆。应用昨日Swing教训：扩展TP 1.3x，要求严格趋势对齐。,【退出信号】熊市衰竭（动量衰减）于阻力位$985，避免趋势反转风险。当前持仓PnL -0.06U，及时止损。,,
2025-11-12 05:18:29,2025-11-12 06:00:18,BNB,空,0.0693931971800908,960.1,957.52,16.65367339125,4.0,972.16,874.14,7.03442622950824,0.0741736,【Swing模式】简单回撤入场就绪在阻力位，4H+1H+15m趋势对齐看跌，指标共识3/5（MACD负、RSI中性、趋势偏空）。使用ATR止损乘数1.9x计算，R:R≥4.9。被困交易者：回撤中买入的多头可能被困于阻力位。S/R强度中等（阻力$985）。杠杆理由：信号分数高（简单回撤优先级2），R:R达标，建议4x杠杆。【Swing Lesson: expand TP after yesterday's conservative TP】,达第一目标$957，分批50% [分批50%],,
2025-11-12 08:50:30,2025-11-12 09:02:40,LTC,空,0.52511462663648,101.61,100.99,13.33659873,4.0,103.62,90.17,5.625615763546795,0.30280662,"Bull Exhaustion after Simple Pullback recovery, trend reversal opportunity. Signal Mode: Swing. Expected holding: 4 hours. Trapped Traders: Fading reversal traders who bought the pullback. S/R Context: Testing resistance after strong recovery. Leverage Rationale: R:R≥2.0 (+2x), HIGH signal (+1x), key level (+1x). [Swing Lesson: expand TP by 1.3x after yesterday's conservative TP]",【退出信号】Bull Exhaustion（动量衰减） + 15m转涨，保护空头利润。4H多头转弱但衰竭信号优先，遵循价格行动退出原则。,,
2025-11-12 11:03:32,2025-11-12 11:06:40,SOL,空,0.5214073096541292,160.18,160.88,16.718403976749997,5.0,160.8,151.4,18.583333333332604,-0.3649851167578845,"【V7.9必须】Signal Mode: Swing | Rationale: 4H熊市趋势，价格在1H阻力位$160完成简单回调（Retrace 0.1%, Recover 490%），15m指标超买（RSI77），空头入场机会。YTC Signal Type: NONE | Trapped Traders Psychology:  fading trapped bulls who bought the pullback at resistance | S/R Strength/Context: 阻力位$160，强度中等，趋势对齐 | Leverage Rationale: HIGH信号（Simple Pullback在熊市趋势），R:R>2.0，5x杠杆以最大化收益。",系统检测：已被止损/止盈自动平仓,,
2025-11-12 14:15:43,2025-11-12 14:15:58,DOGE,多,466.8152316318802,0.17825,0.17837,16.64009574675,5.0,0.171,0.198,2.7344398340249025,0.03029,【Swing模式】🚀🚀🚀趋势inception（LONG）信号，4H看涨+15m强劲动量对齐，DOGE高波动特性适合波段操作。应用[Swing Lesson：扩大止盈1.3x]避免昨日过早退出问题。无YTC信号，但趋势inception优先级最高。杠杆5x因信号强度（R:R估算≥5.0）+ 5/5指标共识。,达第一目标$0，分批50% [分批50%],,
2025-11-12 15:34:18,2025-11-12 15:45:21,BNB,空,0.0864107212428136,962.04,956.31,16.623521731249998,5.0,965.3226,868.54,27.195129056692792,0.2332,"【Swing Mode】Trend Inception (SHORT) + Simple Pullback at resistance, 4H+1H+15m熊市对齐，YTC未检测。阻力位S/R强度高， trapped traders: 逆势抄底买家在弱反弹中被套。杠杆 rationale: High信号+R:R>2.0+关键水平。应用昨日Swing教训: TP扩大1.3x避免过早平仓。",达第一目标$951，分批50% [分批50%],,
2025-11-12 16:23:28,2025-11-12 16:32:58,ETH,空,0.0198167066893424,3392.92,3409.36,13.458318181,5.0,3480.05,2857.0,6.386484884410166,-0.15672323,【Swing Mode】4H熊市趋势对齐，Simple Pullback回调后恢复358%下跌，提供优化做空进入点。无YTC信号。被困交易者：在回调中买入的交易者将被止损。S/R强度：阻力3583，强度中等。杠杆理由：趋势对齐，信号强，R:R≥4.9，使用5x杠杆。应用昨天教训：TP扩大1.3倍以避免过早平仓。,达第一目标$3403，分批50% [分批50%],,
2025-11-12 16:23:29,2025-11-12 16:33:00,SOL,空,0.3509797413222063,153.3,153.91,13.458318181,4.0,157.76,126.95,6.03424657534247,-0.11025,【Swing Mode】4H熊市趋势对齐，Simple Pullback回调后恢复362%下跌，提供优化做空进入点。无YTC信号。被困交易者：在回调中买入的交易者将被止损。S/R强度：阻力161，支持153，强度中等。杠杆理由：趋势对齐，但SOL波动高，假突破风险中，使用4x杠杆以控制风险。应用昨天教训：TP扩大1.3倍以避免过早平仓。,达第一目标$153，分批50% [分批50%],,
2025-11-12 16:24:37,2025-11-12 16:36:38,BTC,空,0.001,101557.5,101964.2,20.33132,5.0,103184.25,92283.0,6.135960462147771,-0.4066,【Swing Mode】4H熊市趋势对齐，Simple Pullback回调后恢复599%下跌，提供优化做空进入点。无YTC信号。被困交易者：在回调中买入的交易者将被止损。S/R强度：阻力105297，强度中等。杠杆理由：趋势对齐，信号强，R:R≥4.9，使用5x杠杆。应用昨天教训：TP扩大1.3倍以避免过早平仓。,【Swing Mode】Bear Exhaustion信号强制退出，动量衰减指示趋势反转风险。关闭SHORT头寸止损-0.45U，避免更大损失。,,
2025-11-12 19:35:28,2025-11-12 20:17:11,BTC,空,0.001,100977.2,101548.3,20.19722,5.0,101540.577,90720.01,18.514906840139982,-0.5711000000000058,【Swing模式】🚀🚀🚀 Trend Inception SHORT信号，4H+1H+15m看跌对齐，趋势加速入场。 trapped traders: 追多者在下跌趋势加速中被套。S/R强度不清晰，使用ATR止损。应用昨天Swing教训: TP扩大1.3倍以让盈利奔跑。杠杆5x因信号强度高（HIGH Tier）。,系统检测：已被止损/止盈自动平仓,,
2025-11-12 19:35:29,2025-11-12 19:41:05,SOL,空,0.5459151318684037,151.53,152.66,16.55214679825,5.0,152.64944999999997,122.84,27.404831102006355,-0.6168840990112937,【Swing模式】🚀🚀🚀 Trend Inception SHORT信号，4H+1H+15m看跌对齐，高波动币种适合波段持有。 trapped traders: 反弹买盘在支撑位被突破后 trapped。S/R不清晰，使用ATR止损。应用昨天Swing教训: TP扩大1.3倍。杠杆5x因爆炸性趋势风格。,系统检测：已被止损/止盈自动平仓,,
2025-11-12 22:19:34,2025-11-12 22:30:19,ETH,空,0.0192137912310043,3395.38,3404.96,13.050660273,5.0,3492.68,2915.37,4.981867164024467,-0.08892,"【V7.9必须】Signal Mode: Swing | 强趋势起始空头，4H+1H+15m熊市对齐，趋势转强加速。作为Swing信号入场，预期持有2-24小时， riding momentum。应用昨日Swing教训：避免过早平仓，TP设置基于ATR以达到R:R=4.9，让赢家运行更久。无YTC信号。S/R强度：阻力$3,587，支撑$3,370，但S/R-based R:R不足，改用ATR-based。杠杆5x因信号高质量（趋势起始）+ R:R≥4.9。",达第一目标$3403，分批50% [分批50%],,
2025-11-13 06:33:57,2025-11-13 06:48:10,XRP,多,32.35541640058922,2.5109,2.5061,16.254066983,5.0,2.482,2.706,6.516778523489968,-0.15782814,【Signal Mode: Swing】🚀🚀🚀 Trend Inception (LONG) 趋势转强加速，4H+1H+15m全面看涨对齐，无YTC信号但Trend Inception得分90（HIGH Tier）。入场价格$2.52接近LWP（优化执行）。应用[Swing Lesson]：昨天过早平仓教训，本次TP扩大1.3倍，目标4H阻力位而非1H，让利润奔跑。预期持仓2-4小时（基于XRP高波动特性）。杠杆5x因信号质量高+R:R≥4.9+趋势完美对齐。,【强制平仓】4H+1H+15m三重看涨趋势与SHORT持仓逆势，Layer 3 Simple Pullback位于阻力位但趋势强劲，风险控制优先。昨日过早平仓教训不适用于此逆势情况。,,
2025-11-13 07:50:41,2025-11-13 08:07:03,SOL,空,0.5210759043678087,155.52,155.66,16.2127556885,5.0,162.0,116.53,6.071539657853803,-0.052,【Swing模式】Trend Inception (SHORT) 强烈空头信号，4H熊市趋势对齐，Bearish Engulfing确认。应用昨天Swing教训：扩大TP 1.3倍（避免过早平仓）。S/R强度：1H阻力$161，支撑$153，ATR 2.0。陷阱交易者：Fading trapped bulls who bought the dip in bear trend。杠杆 rationale：信号HIGH，R:R=6.37:1 >2.0，5x杠杆优化收益。,【强制退出】Bear Exhaustion信号触发（⚠️⚠️⚠️）必须立即关闭空头，保护既有利润+0.05U。4H熊市但衰竭表明短期动能逆转，避免反转风险。无YTC信号覆盖。,,
2025-11-13 10:22:55,2025-11-13 10:28:37,XRP,多,32.137536612000154,2.5178,2.5194,16.18639169,5.0,2.5074,2.985,42.81651376146824,0.07143951,【V7.9必须】Signal Mode: Swing - Rationale: 强烈趋势起始信号（🚀🚀🚀 Trend Inception），4H+1H+15m三重看涨对齐，趋势明确加速；无YTC信号但价格行为优先；S/R Context: 当前价格$2.52位于支撑区域，1H阻力未明确但基于ATR估算；Leverage Rationale: HIGH信号质量，R:R≥4.9，趋势起始自动分配高仓位；【Swing Lesson应用】昨日过早平仓教训，扩大止盈至1H阻力以上，让赢家跑更久,【强制平仓】现有空头持仓与4H牛市趋势严重矛盾，违反趋势跟踪原则,,
2025-11-13 12:02:36,2025-11-13 12:07:26,XRP,多,25.96995779721542,2.4921,2.4798,16.1812314545,4.0,2.4,3.0,5.5005417118093,-0.31548246,【Swing信号】三时间层趋势对齐（4H+1H+15m牛市）+支撑位熊市衰竭形成多头契机。YTC未触发，但价格行动显示简单回撤完成。应用昨日Swing教训：TP扩大1.3倍（原$3.00阻力，保持但验证R:R达标）。S/R强度：支撑$2.00（强度3/5），阻力$3.00。杠杆 rationale：趋势对齐+支撑位+高风险回报，符合4x条件。,【Swing信号】熊市衰竭（momentum_decay）强烈建议关闭空头，遵循价格行动优先级。趋势：4H牛市+1H牛市，但衰竭表示反转风险。无新开仓因ATR数据异常。,,
2025-11-13 12:20:11,2025-11-13 12:32:50,XRP,多,25.99695754940712,2.4778,2.4828,16.114214137,4.0,2.4676,2.65,14.457627118644016,0.14589548,【Swing模式】4H+1H牛市趋势对齐，Simple Pullback位于支撑位完成138%恢复，趋势inception信号。风险回报2.8:1达标，应用昨日教训[Swing Lesson: TP扩大1.3倍避免过早平仓]。无YTC信号但价格行动优先，支撑位强度高。杠杆4x因信号质量高（5/5指标共识估算）且R:R>2.0。,【持仓调整】4H+1H牛市趋势与空头持仓矛盾，Simple Pullback在支撑位显示多头强势，但新入场R:R不足0.79:1。平仓以规避方向性风险。,,
2025-11-13 12:47:19,2025-11-13 13:03:21,XRP,多,19.437843150012053,2.4891,2.4847,16.125634677249998,3.0,2.45,3.15,17.041237113402183,-0.07689539,【Swing信号】4H+1H趋势看涨对齐，价格在支撑位+Bear Exhaustion，顺势多头机会。数据不完整但趋势结构完整，应用昨日Swing教训：扩大TP1.3倍并增加持仓耐心至4-6小时。无YTC信号，依赖价格行为在支撑位反弹。杠杆3x因趋势对齐但数据部分缺失。,【Swing信号平仓】4H+1H趋势看涨对齐，但当前持仓SHORT逆势，且价格行动出现Bullish Pin Bar在支撑位，显示反转风险，应平仓避免损失。昨日教训应用：无直接相关，但趋势对齐优先。,,
2025-11-13 13:03:22,2025-11-13 13:17:02,LTC,空,0.2864208152094681,100.97,101.11,9.6399699039,3.0,101.41455,98.7,5.106287256776593,-0.04528053,【Scalping信号】Bearish Pin Bar在阻力位$101，反转信号强，但逆4H牛市趋势，因此减少仓位。S/R强度未提供，但价格行动优先。风险回报比2.99>2.8达标。预期快速进出，避免逆势持有过久。,【Swing信号】价格行为显示⚠️ Bull Exhaustion (momentum_decay) CLOSE LONG，但当前为SHORT持仓，逆转为平仓信号。4H牛市趋势强化，1H空头转弱，需关闭逆势空头。无YTC信号，S/R强度未达覆盖。,,
2025-11-13 13:49:31,2025-11-13 13:51:27,SOL,空,0.5212241529478459,154.32,154.19,16.0901896015,5.0,154.88055,144.7,18.18867213269232,0.0286,【Swing信号】4H+1H熊市对齐，15m趋势起始做空在支撑位，弱势反弹后加速下跌。YTC信号未检测，但价格行动强劲。被困交易者：在支撑位做多的交易者即将被止损。S/R强度：支撑位强度中等（基于1H S/R）。杠杆理由：强信号但风险控制，位置大小基于最大损失2.0%计算。应用Swing教训：TP扩大1.3倍以避免过早平仓。,达第一目标$154，分批50% [分批50%],,
2025-11-13 16:03:09,2025-11-13 16:06:18,ETH,多,0.0085839411818569,3380.86,3379.46,9.66972390195,3.0,3369.2292,3512.1,12.951136629950753,-0.01552,"【V7.9必须】Signal Mode: Scalping + 理由：4H看跌趋势中在关键支撑$3,375出现看涨Pin Bar反转信号，RSI 26超卖，Volume 184%显示活跃，适合快速反弹Scalping。应用Scalping教训：严格入场在支撑位，忽略TP保守教训。YTC信号类型：NONE。被困交易者心理：'Fading早期空头在支撑位'。S/R强度：支撑$3,375（中等强度）。杠杆理由：反趋势交易，中等信心，使用3x杠杆控制风险。","【V7.9必须】Signal Mode: Swing +  Rationale：熊市衰竭信号+价格在支撑$3,375，RSI 20超卖，空头动量衰减，立即关闭以控制风险。应用[Swing Lesson：严格执行退出信号，避免昨天过早平仓教训的反面—过晚平仓]。无YTC信号，S/R强度未覆盖4H趋势。",,
2025-11-13 19:20:15,2025-11-13 19:25:11,BNB,空,0.0703925641155329,914.52,920.41,12.8876114234,5.0,929.23,868.58,3.388567293777117,-0.38358724,"【Swing模式】4H熊市趋势对齐，Simple Pullback信号(Retrace 0.8%, Recover 142%)提供最优做空时机，趋势跟随入场。S/R不明确，使用ATR止损。应用昨日Swing教训：TP扩大1.3倍以避免过早平仓。杠杆5x基于高信号质量(Simple Pullback优先级2)和R:R≥2.3。",【强制退出】价格行动显示⚠️⚠️⚠️ Bear Exhaustion (long_lower_shadow)，遵循V5.0优先级：衰竭信号必须立即关闭仓位，无视P&L。当前PnL -0.27U，控制损失。,,
2025-11-13 19:32:25,2025-11-13 19:37:30,SOL,多,0.3334838627939238,144.2,143.5,16.026122833,3.0,143.5,157.0,19.14925373134366,-0.2334387039557428,【Swing模式】Simple Pullback回撤1.2%后恢复62% + Bullish Pin Bar反转确认 + Bear Exhaustion空头耗尽，RSI6极端超卖提供高反弹概率。逆4H趋势但信号强度允许（YTC PB类信号），应用昨天Swing教训：扩大TP 1.3倍避免过早退出。Trapped Traders：空头在回撤低点加仓后被Bullish Pin Bar trapped，止损盘推动反弹。S/R Context：1H阻力$157提供TP目标，ATR2.5设置紧止损。杠杆3x因逆势但R:R优异。,系统检测：已被止损/止盈自动平仓,,
2025-11-13 19:48:54,2025-11-13 20:17:59,SOL,空,0.1785557364866941,143.21,141.58,12.7819123964,2.0,148.11,134.91,1.6720647773279245,0.2652,"【Swing模式】简单回调在熊市趋势中提供最佳风险回报入场，趋势对齐（4H+1H+15m熊市），价格行动Simple Pullback（Retrace 0.7%, Recover 133%）✓✓✓。15m指标共识2/5（MACD负、EMA假设熊市，但RSI超卖）。应用昨日教训：扩大TP1.3倍避免过早平仓。S/R强度未指定，使用ATR计算止损止盈。杠杆2x因信号质量中高（R:R≥2.3但共识部分不足）。",【Swing Lesson】Bear Exhaustion信号强制平仓，保护利润。4H熊市趋势中耗尽表明反转风险，遵循退出条件Level 1。,,
2025-11-13 20:18:01,2025-11-13 20:32:23,BNB,多,0.0212155593334214,907.7,914.28,9.62942414805,2.0,905.0321,947.1,14.365024288688597,0.12672567,【Scalping模式】Bullish Pin Bar在支撑位构成强反转信号，逆4H趋势入场。R:R 6.78:1 > 2.3，符合要求。仓位减少至10U（约11%可用资金）控制逆势风险。应用[Scalping Lesson]：忽略TP保守建议，专注快速获利。,【Swing Lesson】持仓中出现⚠️ Bear Exhaustion强制退出信号，优先保护利润（当前PnL +0.11U）。逆势反弹风险升高，避免重复昨日过早平仓错误。,,
2025-11-13 20:32:24,2025-11-13 20:47:33,ETH,空,0.0201766900366882,3184.2,3182.56,16.05852671675,4.0,3265.56,2966.71,2.6454013173944846,0.0576,"【Swing模式】🚀🚀🚀 Trend Inception (SHORT) 趋势加速信号 + 4H/1H/15m熊市对齐。应用昨日教训：TP扩大1.3倍以避免过早退出。陷阱交易者：追多反弹者被趋势加速 trapped。S/R强度：1H阻力$3,565明确。杠杆 rationale：HIGH信号(90分)+R:R≥2.3+4/5指标共识。",【Swing模式】⚠️ Bear Exhaustion (momentum_decay)信号触发，应用[Swing Lesson]保护利润原则。尽管有Trend Inception支撑，但动量衰减提示趋势可能逆转，优先锁定+0.03U盈利。,,
2025-11-13 20:32:25,2025-11-13 20:40:02,SOL,空,0.3389304921222035,142.2,142.7,16.05852671675,3.0,142.76024999999998,135.5,10.705360741636438,-0.1694652460611017,"【Swing模式】🎯 Simple Pullback (回撤0.5%, 恢复83%) 优化入场 + 4H/1H/15m熊市对齐。应用昨日教训：TP扩大1.3倍。陷阱交易者：逆势抄底者 trapped 于回撤结束。S/R强度：1H阻力$157。杠杆 rationale：MEDIUM信号(85分)+R:R≥2.3+3/5指标共识。",系统检测：已被止损/止盈自动平仓,,
2025-11-13 20:47:34,2025-11-13 21:05:21,SOL,空,0.4490860912833099,142.63,143.27,16.00991915425,4.0,143.2728,129.41,19.6046373365043,-0.2874150984213249,"【Swing模式】🎯 Simple Pullback (Retrace 0.9%, Recover 50%) 在4H/1H/15m看跌趋势中提供优化入场点。应用[Swing Lesson]扩大TP 1.3倍避免过早平仓。趋势对齐+价格行动确认，ATR 2.7允许合理风控。杠杆4x基于HIGH信号评分(趋势对齐+关键模式+RSI超卖提供边缘)。",系统检测：已被止损/止盈自动平仓,,
2025-11-13 21:02:59,2025-11-13 21:30:17,ETH,空,0.0160840291064188,3179.94,3169.65,12.783706964,4.0,3258.25,2968.91,2.661604657048851,0.0852,【Swing模式】🎯 Simple Pullback SHORT信号，4H+1H+15m熊市对齐，回撤完成77%提供最优入场。应用昨日Swing教训：TP扩大1.3倍。杠杆4x因信号强度高 + R:R≥2.3 + 1H支撑接近。,达第一目标$3152，分批50% [分批50%],,
2025-11-14 00:22:15,2025-11-14 00:34:16,ETH,空,0.0197373489624396,3210.84,3232.67,12.66731214,5.0,3300.45,3039.62,1.8512243113248783,-0.4028,【Swing模式】4H熊市趋势确认，1H熊市，15m趋势起始做空和熊市Pin Bar信号，符合波段持有策略。应用昨日教训：扩大止盈至R:R=2.3以让利润奔跑。【Swing Lesson: let winners run longer】趋势对齐，价格行动强劲。仓位基于风险计算，确保每笔交易风险不超过2%总资产。,【强制退出】熊市耗尽信号（长下影线）触发Level 1退出条件，保护现有利润。4H趋势仍熊市，但价格行为显示反转风险，遵循YTC退出逻辑。,,
2025-11-14 01:07:04,2025-11-14 01:15:31,SOL,空,0.1319903052276536,143.03,143.14,9.4505058543,2.0,144.58,141.08,1.5362318840579272,-0.00526736,"【Scalping模式】Bearish Pin Bar and Trend Inception at resistance in bear trend, quick short. 4H+1H+15m bearish alignment, strong reversal signal. Estimated 15m ATR for tight stop, R:R 1.5:1达标. [Ignored - wrong signal type for Swing lesson]",软失效(AI确认-scalping): Scalping反向信号:EXHAUSTION_MOMENTUM_DECAY | AI: AI确认失败，使用系统判断,,
2025-11-14 02:05:26,2025-11-14 03:04:06,LTC,空,0.8182665734720923,96.18517,96.08,15.74508540675,5.0,98.63,87.14,3.7479338842975154,0.07727756,【Swing模式】4H趋势转弱 + 1H/15m熊市对齐 + 简单回撤至阻力位提供最优做空时机。价格行动：Simple Pullback at Resistance，弱势分数隐含高。阻力强度4/5， trapped traders：'在阻力位追涨的多头被困于回撤高点'。杠杆 rationale：R:R≥2.3 + 关键阻力位 + 4/5指标共识。应用昨日教训：[Swing Lesson: TP扩大1.3倍解决过早平仓],【Swing模式】空头衰竭信号（动量衰减），价格行动显示反转风险，立即平仓避免损失扩大。应用昨天教训：在趋势衰竭信号出现时果断退出。,,
2025-11-14 04:45:12,2025-11-14 04:56:22,ETH,空,0.0199725764538939,3155.28,3159.66,12.597103421,5.0,3302.3,2594.39,3.7606590450571553,-0.04484,"【Swing模式】🚀🚀🚀 Trend Inception SHORT（趋势转强加速）—最强信号，4H+1H+15m熊市对齐，预期持仓4-6小时。YTC信号：无。应用昨日Swing教训：TP扩大1.3倍（应对过早平仓），严格confluence（仅趋势 inception入场）。S/R强度：阻力$3,271（1H），ATR缓冲确认。杠杆理由：HIGH信号（得分≥75）+ R:R≥2.0 + 关键阻力位。",达第一目标$3152，分批50% [分批50%],,
2025-11-14 06:21:26,2025-11-14 06:46:52,LTC,空,1.2468827930174564,96.11,95.65,30.0,4.0,96.9624,90.59,7.821151716500615,0.5611642,【Swing信号】Simple Pullback在阻力$98，4H多头转弱但1H/15m熊市对齐，YTC未检测但价格行动优先。陷阱交易者：追多者在阻力位被困。S/R强度：阻力$98（强度中）。杠杆理由：R:R≥2.3 (+2x)、关键阻力位(+1x)、基础1x。应用Swing教训：扩大TP 1.3倍以避免过早止盈。,【Swing信号平仓】Bear Exhaustion耗尽信号 + 位于阻力位，强制退出条件触发。昨日教训应用：Swing持仓需对耗尽信号敏感，保护利润优先于TP扩大。,,
2025-11-14 08:13:10,2025-11-14 08:33:22,SOL,空,0.844713501337463,141.89,141.99,24.0,5.0,142.96124999999998,133.0,10.05270457697669,-0.04327529,【Swing模式】趋势起始SHORT信号加速，4H+1H+15m熊市对齐，YTC信号类型：NONE， trapped_traders：突破追多者被趋势反转 trapped，S/R强度：阻力$144（中等），应用Swing教训：TP扩大1.3倍以避免过早平仓，杠杆5x因信号强度高+R:R≥2.3,【Swing Lesson】Bear Exhaustion (momentum_decay)信号出现在1H支撑位$141，当前价格$141.73接近支撑，保护利润+0.10U。趋势虽熊市，但 exhaustion 表示动量衰减，避免反转风险。,,
2025-11-14 15:49:01,2025-11-14 16:30:20,ETH,空,0.0146578145666487,3221.62,3236.91,15.74635273575,3.0,3253.15,3118.78,3.425889328063219,-0.2213088,"【Swing Mode】4H熊市趋势对齐 + 1H阻力位$3,220 + 简单回撤PA完成 +  trapped traders: ' fading breakout buyers at resistance' + S/R强度: 阻力位确认 + 杠杆理由: R:R 1.8 (+1x), 关键水平 (+1x), 共识4/5 (+0.5x), 总3.5x取整3x",硬失效(关键位破位): 突破关键阻力$3220（硬失效）,,
2025-11-14 16:48:01,2025-11-14 16:50:01,SOL,空,0.1755472456292362,143.1,143.69,12.561283161,2.0,143.69489999999996,137.7,9.249444349462316,-0.1035728749212499,【Swing Mode】4H看跌趋势对齐，价格在1H阻力位$144完成简单回撤，15m RSI75超买。 trapped_traders：在反弹高位做多的突破交易者被套。S/R强度：阻力位明确。杠杆理由：R:R>1.8(+1x)、关键级别(+1x)，共识估计2/5无加分，总和2x。,系统检测：已被止损/止盈自动平仓,,
2025-11-14 17:34:00,2025-11-14 18:33:18,ETH,空,0.0136717901060026,3210.42,3195.56,8.780679852,5.0,3256.2,3082.0,2.8745551601423416,0.17998903,【Swing】4H熊市对齐+1H阻力位$3240+15m RSI68超买共识2/5，PA🚀🚀🚀Trend Inception(SHORT)优先级1，YTC BOF信号 trapped breakout buyers，S/R强度4，杠杆因R:R≥2.0(+2x)+Key Level(+1x)+HIGH信号(+1x)=5x，应用昨日Swing Lesson扩大TP1.3倍防过早退出,【Swing退出】4H熊市但15m转牛 + PA Bullish Pin Bar反转 + Bear Exhaustion耗尽信号强制退出，遵循'盈利中+反向信号→立即关闭'原则。持仓PnL +0.18U，避免反转风险。,,
2025-11-14 17:56:46,2025-11-14 18:33:20,BNB,空,0.1297690111601349,924.27,926.59,24.0,5.0,934.0,892.0,3.5258620689655307,-0.2772,【Swing做空】4H熊市对齐+1H阻力位$927 confluence+15m趋势inception加速共识3/5+ trapped traders心理『追涨突破失败者』+ S/R强度4+ 杠杆理由(R:R2.59≥2.0+关键水平+HIGH信号),【Swing退出】4H熊市但1H空头转弱 + 15m牛市 + PA Bear Exhaustion耗尽信号强制退出，遵循'盈利中+反向信号→立即关闭'原则。持仓PnL -0.27U，控制损失。,,
2025-11-14 19:18:30,2025-11-14 19:45:12,LTC,空,0.3832880175919117,97.9,99.5,12.5105208942,3.0,100.0,93.0,2.365384615384618,-0.61663,"【Swing模式】4H看跌主趋势对齐，1H空头转弱但处于阻力位$99，15m Simple Pullback提供入场时机，PA在阻力位确认做空。YTC信号未覆盖。Trapped Traders Psychology：Fading breakout buyers at resistance。S/R强度：阻力位$99（强度中）。杠杆理由：R:R≥2.0(+2x)、关键水平(+1x)，但共识未明确故保守用3x。R:R计算：SL=100, TP=93, 风险2.18, 回报4.82, 比率2.21>1.8。应用[Swing Lesson]避免过早平仓。",硬失效(关键位破位): 突破关键阻力$99（硬失效）,,
2025-11-14 20:06:03,2025-11-14 20:17:51,BNB,空,0.0532411784822146,933.08,930.37,12.4194366016,4.0,938.95,894.1,6.627551020408173,0.13737914,【Swing模式】4H看跌趋势对齐，1H空头转弱但15m看涨提供入场时机，PA的Simple Pullback在阻力位（恢复83%）表明反弹衰竭，趋势延续做空。YTC信号未检测，但S/R强度高（阻力$933）。被困交易者心理：'Fading breakout chasers at resistance'。杠杆 rationale：R:R≥2.0 (+2x)、关键阻力位(+1x)、共识假设3/5 (0x)，总和4x。使用S/R-based TP/SL确保R:R>1.8。,【Swing模式】价格行动显示熊市衰竭（momentum_decay）在阻力933附近，建议关闭空头。趋势：4H看跌但1H空头转弱，15m看涨，反转风险升高。 trapped traders：早期空头在支撑906附近入场，现面临反弹挤压。S/R强度：阻力933（强度3），弱点评分0.7。杠杆理由：平仓操作无需杠杆。,,
2025-11-14 20:32:46,2025-11-14 21:02:47,ETH,空,0.0156841003688295,3168.98,3137.91,12.4318845266,4.0,3183.1767,2903.34,21.197458494293024,0.44426291,"【Swing模式】4H熊市趋势对齐（权重40%），1H熊市强化方向，15m共识3/5（MACD-4.4负、RSI36偏熊、Vol0%但PA优先），PA趋势起始（Trend Inception）做空信号强（🚀🚀🚀），趋势加速下行；虽在支撑位但YTC未覆盖（ytc_signal_detected=false），被困交易者为在支撑位做多的反弹交易者（Fading bulls at support）；S/R强度中等（支撑$3,153），但趋势突破主导；杠杆理由：R:R=2.67≥2.0（+2x）、共识3/5（+0x）、关键水平支撑（+0x）、HIGH信号（+1x），总和3x，保守取4x；使用V8.5优化参数计算TP/SL。",【Swing模式】PA出现⚠️Bear Exhaustion（momentum_decay）反转信号，当前SHORT仓位盈利+0.51U，遵循规则'In profit + any counter signal → Close immediately'锁定利润，规避趋势反转风险。,,
2025-11-14 21:04:45,2025-11-14 21:05:10,SOL,空,0.8583077033116372,140.08,140.28,24.0,5.0,140.26784999999998,127.57,26.73364639074056,-0.1716615406623176,【Swing模式】三趋势熊市对齐（4H/1H/15m Bearish）+ PA🚀🚀🚀Trend Inception SHORT，阻力位$144明确，ATR=3.0计算TP=127.57/SL=144.07，R:R=2.67:1＞2.0。杠杆 rationale：R:R≥2.0（+2x）+关键阻力（+1x）+共识4/5（+0.5x）+强信号（+1x）=4.5x≈5x。 trapped traders： fading momentum buyers at $144 resistance。,系统检测：已被止损/止盈自动平仓,,
2025-11-14 21:17:32,2025-11-14 23:34:16,SOL,空,0.3543483100270387,140.41,138.54,9.960022298240002,5.0,145.4,128.35,2.5082304526748898,0.651,【Swing模式】趋势inception做空加速与简单回撤完成，在1H阻力$144附近，4H看跌趋势对齐， trapped traders为突破追多者，S/R强度中高，杠杆5x因R:R=2.67>2.0+强信号共识+关键阻力。应用V8.5优化ATR乘数保护利润。,【Swing模式】熊市耗尽信号（动量衰减）强制退出，优先级高于趋势起始。4H熊市背景下价格接近支撑$138，耗尽指示动量衰退，锁定利润+0.64U。 trapped_traders: 早期空头在回撤低点被困，可能平仓推动反弹。 S/R强度: 支撑$138（强度3），阻力$144。 杠杆理由: 退出操作不涉及新杠杆。,,
2025-11-14 22:33:50,2025-11-14 23:49:54,ETH,空,0.0155579360533814,3181.33,3127.5,12.3807332474,4.0,3278.89,2894.44,3.0147243107769506,0.8061,"【波段模式】4H熊市趋势对齐 + 1H阻力$3,240附近 + 简单回撤完成 + 15m MACD负值确认动能 + 共识4/5（趋势、位置、PA、指标） +  trapped traders心理：'追涨者在阻力位被困，回撤乏力' + S/R强度4（强阻力） + 杠杆理由：R:R 2.67 (>2.0) +2x, 关键水平 +1x, 共识4/5 +0.5x, 高信号 +1x, 总和4.5x取整4x","【Swing Lesson】Bear Exhaustion at support with momentum decay, PA exhaustion信号优先级最高强制退出，锁定当前利润+0.87U，避免支撑位反转风险。4H熊市但短期动能衰减。",,
2025-11-14 23:51:02,2025-11-15 00:07:54,SOL,空,0.8613882707630465,139.32,140.01,24.0,5.0,140.04674999999995,126.55,17.31930777061484,-0.5943579068265001,"【Swing Mode】Trend Inception (SHORT)强烈信号，4H/1H/15m全熊市对齐，价格 below 1H阻力$144，趋势加速下跌。使用优化ATR乘数：TP=126.55 (Entry-1H_ATR×4.0), SL=144.15 (Entry+1H_ATR×1.5), R:R=2.67:1 > 2.0要求。Trapped traders: 在阻力位买入期待反弹的交易者。Leverage rationale: HIGH信号 + R:R>2.0 + 趋势对齐，系统建议5x但头寸基于风险控制。",系统检测：已被止损/止盈自动平仓,,
2025-11-15 00:33:36,2025-11-15 00:56:18,SOL,空,0.2679751255333997,140.4,141.03,12.543022375799998,3.0,141.0417,127.54,20.71738780762409,-0.1688243290860406,【Swing Mode】4H熊市对齐 + 1H阻力位$144 + 15m空头转弱但价格在阻力位。YTC信号未触发，需警惕15m转弱风险。被困交易者心理：'短线多头上攻阻力失败'。S/R强度3/5（中等阻力）。杠杆 rationale：R:R≥2.0(+2x)、关键阻力位(+1x)、MID信号(+0x)、共识2/5(+0x)，总和3x。,系统检测：已被止损/止盈自动平仓,,
2025-11-15 00:33:37,2025-11-15 01:19:28,ETH,空,0.0160249161587796,3130.94,0.0,12.543022375799998,4.0,3151.5795,2855.5,13.303702987995068,-0.2269466,"【Swing Mode】4H熊市对齐 + 1H阻力位$3,240 + 15m熊市巩固。YTC信号未触发，但价格在阻力位且无反转信号。被困交易者心理：'突破交易者在阻力位追多受阻'。S/R强度4/5（强阻力）。杠杆 rationale：R:R≥2.0(+2x)、关键阻力位(+1x)、HIGH信号(+1x)、共识3/5(+0x)，总和4x。",已被止损/止盈自动平仓,,
2025-11-15 00:49:20,2025-11-15 01:34:06,LTC,空,0.3591539818860398,98.27,0.0,8.82441333494,4.0,99.495,88.84,7.769547325102947,-0.37531338,【Swing Mode】4H熊市对齐 + 1H阻力位$99 + 15m多头转弱且价格在阻力位。趋势延续信号，使用V8.5 Swing参数：TP=4.0×1H ATR，SL=1.5×1H ATR。杠杆计算：R:R≈2.67（≥2.0）+关键水平+4/5共识→4x。 trapped traders：在阻力位追多突破的交易者。,已被止损/止盈自动平仓,,
2025-11-15 01:20:01,2025-11-15 01:47:09,SOL,空,0.439396822869479,141.28,141.71,12.415596627,5.0,141.70499999999998,128.6,29.83529411764827,-0.1889406338338789,【Swing Mode】4H熊市对齐 + 1H阻力位$144 + 15m简单回撤完成且价格在阻力位，趋势延续机会。使用V8.5优化参数：TP=1H ATR×4.0，SL=1H ATR×1.5。R:R=2.67≥2.0，信号分数预估≥75（HIGH tier）。杠杆计算：R:R≥2.0(+2x)、关键阻力位(+1x)、HIGH信号(+1x)、共识4/5(+0.5x)，总和4.5x取整5x。,系统检测：已被止损/止盈自动平仓,,
2025-11-15 02:04:48,2025-11-15 10:18:49,ETH,空,0.0195206176326579,3167.86,3152.6,12.359127683,5.0,3263.98,2908.68,2.613710333604552,0.29095422,"【Swing Mode】4H熊市对齐 + 1H熊市 + 15m空头转弱 + Simple Pullback PA模式在阻力位$3,240 + ATR=64.6计算TP/SL（R:R=2.67>2.5） + 关键位做空 + 杠杆 rationale: R:R≥2.0(+2x)、关键位(+1x)、HIGH信号(+1x)、基础1x，总和5x +  trapped traders: 'Fading early buyers at resistance pullback' + S/R强度: 阻力位明确 + 无YTC信号覆盖",【Swing Mode】PA显示熊市衰竭信号（长下影线）强制退出，遵循退出优先级规则。4H/1H/15m熊市对齐但动量衰减，保护利润+0.42U。,,
2025-11-15 02:05:45,2025-11-15 03:01:17,SOL,空,0.4354872333685693,141.92,142.93,12.359127683,5.0,146.08,130.13,2.8157894736842084,-0.4429,【Swing Mode】4H熊市对齐 + 1H熊市 + 15m空头转弱 + Simple Pullback PA模式在阻力位$142 + ATR=2.9计算TP/SL（R:R=2.67>2.5） + 关键位做空 + 杠杆 rationale: R:R≥2.0(+2x)、关键位(+1x)、HIGH信号(+1x)、基础1x，总和5x + trapped traders: 'Fading breakout chasers at resistance' + S/R强度: 阻力位明确 + 无YTC信号覆盖,硬失效(关键位破位): 突破关键阻力$142（硬失效）,,
2025-11-15 02:20:34,2025-11-15 03:33:39,LTC,多,0.4859721728251474,101.99,104.33,9.894393438720002,5.0,98.14,111.34,2.6065573770491843,1.13721564,"【Swing Mode】4H牛市对齐 + 1H牛市 + 15m牛市 + Trend Inception强烈做多信号 + 陷阱交易者心理： trapping bears at breakout + S/R强度4 + 杠杆理由：R:R 2.67≥2.0 (+2x), 关键突破位 (+1x), 高信号 (+1x), 共识5/5 (+1x)",【Swing Mode】4H转多头转弱 + 1H牛市 + 15m牛市 + Simple Pullback信号 + 趋势反转风险 + 锁定利润1.32U + 避免逆势持仓,,
2025-11-15 02:34:00,2025-11-15 04:18:46,BNB,空,0.0533393034150752,929.07,933.83,12.3872531286,4.0,951.16,874.16,2.465346534653478,-0.23815623,【Swing Mode】4H熊市对齐 + 1H空头转弱 + 15m简单回撤完成在强阻力位 + YTC PB信号 + Trapped Traders心理学：在回撤低点fading早期卖家 + S/R强度4（强阻力） + 杠杆理由：R:R=2.67>2.0(+2x)、共识3/5(+0.5x)、关键水平(+1x) = 4x杠杆,【Swing Mode强制退出】Bear Exhaustion (momentum_decay) CLOSE SHORT At Resistance - 价格在阻力位出现动能衰减信号，遵循PA优先级规则强制平仓保护资本,,
2025-11-15 03:33:41,2025-11-15 05:32:45,SOL,空,0.3510065244787212,142.62,142.66,12.5160151466,4.0,143.6748,130.96,11.16960183767217,-0.0156433,【Swing Mode】4H熊市对齐 + 1H空头转弱 + 15m Bearish Pin Bar/Engulfing反转在阻力位$144 + YTC信号类型PB + 陷阱交易者心理'Fading breakout chasers at resistance' + S/R强度4 + 杠杆理由(R:R 2.67>2.0 + 关键位 + 高分信号) + 应用Swing Lesson避免过早退出,【Swing Lesson】现有空头持仓出现'⚠️多头衰竭'PA信号，按优先级规则'Exhaustion Exit > Strong Inception'立即平仓。遵循AI洞察：加强退出确认，避免过早止盈。,,
2025-11-15 04:49:23,2025-11-15 05:03:32,LTC,多,0.4789638278014185,104.4,104.04,12.493771448200002,4.0,103.7387,114.66,17.162813903209848,-0.1673,【Swing Mode】4H/1H/15m牛市对齐，PA为Simple Pullback（回撤3.0%）在支撑位99附近，多头机会明确。 trapped traders：'在回撤低点过早做空者被困'。使用优化ATR乘数：1H ATR=2.6，TP=114.66（入场+1H ATR×4.0），SL=100.36（入场-1H ATR×1.5），R:R=2.67>2.0合格。杠杆 rationale：R:R≥2.0（+2x）、关键支撑位（+1x）、共识4/5（+0.5x），总和4.5x取4x。,【强制平仓】4H/1H/15m全牛市趋势与SHORT头寸逆势 + PA出现Bull Exhaustion信号（虽对SHORT有利但趋势前提已失效） + 当前亏损-0.19U + 遵循'逆势持仓需及时止损'原则,,
2025-11-15 04:49:25,2025-11-15 05:32:47,BNB,空,0.0538234634278944,928.49,929.91,12.493771448200002,4.0,932.77065,877.73,11.888120075398543,-0.0695,【Swing Mode】4H熊市对齐 + 1H空头转弱 + 15m多头转弱，PA为Simple Pullback在阻力位933，空头机会明确。 trapped traders：'在阻力位追多突破者被困'。使用优化ATR乘数：1H ATR=12.6，TP=877.73（入场-1H ATR×4.0），SL=947.03（入场+1H ATR×1.5），R:R=2.67>2.0合格。杠杆 rationale：R:R≥2.0（+2x）、关键阻力位（+1x）、共识4/5（+0.5x），总和4.5x取4x。,【Swing Lesson】现有空头持仓出现'⚠️⚠️⚠️空头衰竭'PA信号+看涨吞没，按强制退出规则立即平仓。应用AI洞察：趋势衰竭信号优先于持仓计划。,,
2025-11-15 05:04:57,2025-11-15 05:32:48,XRP,空,52.60158681453557,2.2815,2.2792,24.0,5.0,2.2913999999999994,2.2,8.049504950495376,0.11405416,【Swing Mode】4H/1H/15m全熊市对齐 + PA为Simple Pullback完成于阻力位 + 趋势延续信号 +  trapped traders为'突破追多者被套在阻力' + S/R强度高（阻力明确） + 杠杆 rationale: R:R≥2.0(+2x)、5/5共识(+1x)、关键阻力(+1x)、高信号(+1x) = 5x max,【Swing Lesson】现有空头持仓出现'⚠️空头衰竭'PA信号，虽然趋势对齐但衰竭信号强制退出。遵循YTC优先级：Exhaustion Exit > Trend Alignment。,,
2025-11-15 05:48:27,2025-11-15 06:38:03,XRP,空,21.59825027774121,2.2785,2.2912,12.306143052,4.0,2.2913999999999994,2.2,6.430894308943445,-0.2742977785273071,【Swing Mode】4H熊市+1H熊市+15m熊市完美对齐 + Simple Pullback完成在阻力位 + 趋势跟随空头 + S/R强度高（阻力位明确） +  trapped traders心理：追涨多头在pullback高位被困 + 杠杆理由：R:R≥4.0 (+2x)、4/5共识（趋势对齐+PA确认，+0.5x）、关键阻力位(+1x)，总和3.5x取整4x + 应用Swing Lesson避免过早退出,系统检测：已被止损/止盈自动平仓,,
2025-11-15 06:03:47,2025-11-15 06:18:44,LTC,多,0.3557559417092205,103.83,104.35,12.30796973,3.0,103.4203,113.94,27.454692994319043,0.19164779,"【Swing Mode】4H+1H+15m牛市完美对齐 + 在支撑位 + 趋势延续入场 | 无YTC信号但趋势强劲 |  trapped_traders: 空头在支撑位被套 | S/R强度: 支撑$99强度中等 | 杠杆理由: R:R≥2.0(+2x), 趋势对齐(+1x), 总min(1+2+1,5)=3x | 使用V8.5 Swing参数: TP=1H ATR×4.0, SL=1H ATR×1.5, R:R=2.67:1>2.0达标",【Swing Mode】趋势完美对齐牛市（4H+1H+15m牛市），但持仓空头，与主趋势矛盾；PA在支撑位出现Bull Exhaustion（长上影线），空头风险高，YTC无信号。关闭以规避趋势反转损失，遵循'4H趋势>持仓'优先级。,,
2025-11-15 06:33:57,2025-11-15 06:48:33,LTC,多,0.4683481867940025,104.74,103.71,9.80814772784,5.0,101.07,114.82,2.777472527472527,-0.48672,【Swing Mode】4H牛市+1H牛市+15m牛市完美对齐 + 🚀🚀🚀 Trend Inception（趋势转强加速）强烈信号 + 阻力$107为TP目标 +  trapped_traders='突破追多者被留在高点' + S/R强度=4（关键阻力） + 杠杆 rationale：5/5共识+R:R>2.0+关键级别=5x最大杠杆,【Swing Mode】趋势反转强制平仓 - 4H/1H/15m完美牛市对齐 + 趋势起始信号强烈，现有空头持仓与主趋势冲突，避免进一步损失,,
2025-11-15 06:48:34,2025-11-15 10:18:51,XRP,空,21.467776886742755,2.2782,2.2573,12.225898936999998,4.0,2.32,2.12,3.761904761904777,0.44298,【Swing Mode】🎯简单回撤完成 + 4H/1H/15m完美熊市对齐 + 在阻力位 + trapped traders: 回撤中追多买家被困 + S/R强度: 阻力2.0/支撑2.0 + 杠杆理由: 中等信号(4/5共识) + R:R≥2.0 + 关键阻力位,【Swing Mode】PA显示熊市衰竭信号（长下影线）在阻力位，强制退出。4H/1H/15m熊市对齐但 exhaustion信号优先，保护利润+0.53U。,,
2025-11-15 07:04:28,2025-11-15 07:20:31,LTC,多,0.591761230915772,103.38,103.47,12.238805777799998,5.0,100.05,113.25,2.92857142857143,0.07092,【Swing Mode】4H/1H/15m完美牛市对齐 + 在支撑位 + 趋势跟随入场 + 无YTC信号但结构强劲 +  trapped traders: '突破追多者在回调中被洗出' + S/R强度: 支撑位确认 + 杠杆理由: R:R≥2.0(+2x)、关键水平(+1x)、趋势对齐高信号(+1x)、共识估计4/5(+0.5x)，总和5x,【Swing Lesson】4H牛市趋势与空头持仓矛盾 + PA熊市衰竭信号（long_lower_shadow）强制退出 + 遵循趋势对齐原则优先,,
2025-11-15 07:21:22,2025-11-15 08:36:23,BNB,空,0.1283477368015743,934.77,939.48,24.0,5.0,939.42375,893.15,9.366563987678765,-0.6045178403354196,"【Swing Mode】4H熊市对齐 + 1H空头转弱但PA在阻力位 + 15m简单回撤完成（Retrace 0.5%, Recover 85%） + 最佳R:R≈2.67 + 陷阱交易者心理：fading breakout chasers at resistance + S/R强度：阻力位明确 + 杠杆理由：R:R≥2.0(+2x), 关键水平(+1x), HIGH信号(+1x), 基础1x = 5x",系统检测：已被止损/止盈自动平仓,,
2025-11-15 07:36:27,2025-11-15 07:50:15,LTC,多,0.5813263554354122,103.4,102.78,12.0427567792,5.0,100.25,113.45,2.963963963963967,-0.3528367,"【Swing Mode】4H/1H/15m完美牛市对齐 + PA熊市衰竭在支撑位（反转信号） + 趋势 inception 确认 +  trapped traders: 衰竭卖方力竭，买方控制 + S/R强度: 支撑$99（强） + 杠杆 rationale: R:R≥2.0(+2x), 4/5共识(+0.5x), 关键支撑位(+1x), HIGH信号(+1x) = 5x max",【Swing Lesson】趋势矛盾平仓：4H牛市/1H牛市与空头持仓冲突，遵循趋势对齐原则强制退出，避免逆势损失,,
2025-11-15 08:05:40,2025-11-15 08:18:47,LTC,多,0.5910594175953938,102.56,102.32,12.1131717042,5.0,99.12,112.32,2.94029850746269,-0.11591132,"【Swing Mode】4H牛市对齐 + PA在支撑位 + Simple Pullback完成（Retrace 0.8%, Recover 170%）+ 趋势跟随多头 + 陷阱交易者：过早做空者 + S/R强度高（支撑$99） + 杠杆理由：R:R≥2.0（+2x）、关键支撑位（+1x）、5/5趋势对齐（+1x）、HIGH信号（+1x）",【Swing Mode】4H牛市趋势与空头持仓冲突，在支撑位有简单回撤完成信号，平仓避免逆势风险。YTC无信号， trapped traders为'空头在支撑位被困'，S/R强度3（支撑位），不覆盖4H趋势。,,
2025-11-15 08:05:41,2025-11-15 09:34:04,SOL,空,0.2725314592803206,142.24,141.32,9.69053736336,4.0,145.67,134.67,2.1976744186046533,0.2511,"【Swing Mode】4H熊市对齐 + PA在阻力位 + Simple Pullback完成（Retrace 0.8%, Recover 58%）+ 趋势跟随空头 + 陷阱交易者：追涨突破失败者 + S/R强度高（阻力$144） + 杠杆理由：R:R≥2.0（+2x）、关键阻力位（+1x）、共识3/5（+0.5x）",【Swing Lesson】强制退出 - ⚠️Bear Exhaustion (long_lower_shadow) CLOSE SHORT At Resistance + 15m多头转弱削弱趋势对齐 |  trapped traders：空头在 exhaustion 点被迫平仓 | S/R强度4/5 | 杠杆理由：退出无需杠杆,,
2025-11-15 09:35:30,2025-11-15 09:45:05,LTC,多,1.1647093079685529,103.01,102.64,24.0,5.0,102.6641,112.38,25.55342989887972,-0.4309424439483698,【Swing Mode】🚀🚀🚀Trend Inception (LONG) 趋势转强加速 + 4H/1H/15m完美牛市对齐 + At Support✓ | trapped traders：空头在趋势开端被突破止损 | S/R强度4/5（支撑牢固） | 杠杆理由：R:R 2.67:1 ≥2.0(+2x) + 5/5共识(+1x) + 关键水平(+1x) + HIGH信号(+1x) = 5x,系统检测：已被止损/止盈自动平仓,,
2025-11-15 09:49:29,2025-11-15 10:04:08,LTC,多,0.5936363517759563,102.42,102.18,12.167170666,5.0,99.27,111.92,2.940809968847344,-0.13046,"【Swing Mode】趋势起始（Trend Inception）强信号 + 4H/1H牛市完美对齐 + 15m转弱但PA主导 + 支撑位$99附近 +  trapped_traders: 空头在突破点被轧空 + S/R强度: 4/5（阻力$103，支撑$99） + 杠杆理由: R:R=2.67>2.0 (+2x), 信号HIGH (+1x), 5/5共识 (+1x), 关键水平 (+1x) = 5x + 应用Swing Lesson避免过早退出",【Swing Mode】趋势反转强制平仓：4H牛市+1H牛市+15m多头转弱+Simple Pullback完成，空头头寸PnL负，避免更大损失。应用Swing Lesson避免过早退出，但反转信号优先。,,
2025-11-15 10:05:16,2025-11-15 11:34:17,SOL,空,0.8513657325292657,140.91,140.54,24.0,5.0,141.5643,133.26,12.518313527592086,0.3145,"【Swing Mode】4H/1H/15m完美熊市对齐+Simple Pullback在阻力位+ATR优化R:R 2.67:1＞2.0。 trapped_traders='Fading反弹买家在阻力位'。杠杆计算：R:R≥2.0(+2x)+关键阻力位(+1x)+HIGH信号(+1x)+共识4/5(+0.5x)=4.5x取整5x。严格使用V8.5 Swing参数：TP=4.0x ATR, SL=1.5x ATR。",【Swing Mode】PA出现Bullish Pin Bar反转信号+Bear Exhaustion耗尽信号，在阻力位强烈建议平仓锁定利润，避免4H熊市趋势下的反转风险。无YTC信号，遵循退出优先级。,,
2025-11-15 10:18:52,2025-11-15 10:48:24,LTC,多,0.4818573432647462,102.07,102.3,12.2945901134,4.0,101.32085,110.63,11.594398971791769,0.12562117,【Swing Mode】4H牛市+1H牛市+15m多头转弱但PA在支撑位，趋势对齐良好。简单回撤模式，R:R=2.67>2.0。杠杆计算：R:R≥2.0(+2x)、关键支撑位(+1x)、共识3/5(+0x)，总和4x。被困交易者：空头在支撑位被套，反转动能积累。,【Swing Lesson】价格行为空头衰竭信号（Bear Exhaustion）强制覆盖持仓逻辑，4H牛市趋势中做空风险增加，遵循PA优先退出原则。 trapped_traders: 早期做空者在支撑位被 trapped，空头耗尽。 S/R Strength: 支撑位$102，强度3。 杠杆理由：平仓操作无需杠杆。,,
2025-11-15 10:33:25,2025-11-15 15:03:27,ETH,空,0.0152222748846487,3157.65,3172.01,9.61493681904,5.0,3219.47,2992.87,2.6971773535650194,-0.22605,"【Swing Mode】4H/1H/15m完美熊市趋势对齐 + PA简单回撤在支撑位完成（回撤0.8%，恢复63%）+ ATR参数优化（TP=4.0×ATR, SL=1.5×ATR） + R:R 2.67 > 2.0要求 + 陷阱交易者心理：fading早期多头在回撤低点 + S/R强度：支撑位$3,133 + 杠杆理由：R:R≥2.0(+2x)、关键水平(+1x)、HIGH信号(+1x)、4/5共识(+0.5x) = 5x上限",【Swing Lesson】4H熊市但1H空头转弱+15m看涨+PA空头衰竭，趋势动能衰减，保护既有利润,,
2025-11-15 11:34:59,2025-11-15 11:48:58,LTC,多,1.1676559307190817,102.9,102.56,24.0,5.0,102.23625,111.15,15.700234192037556,-0.39678,【Swing Mode】4H/1H/15m完美牛市趋势对齐+🚀🚀🚀Trend Inception最强PA信号（趋势转强加速），在支撑位$96附近进入。使用V8.5优化参数：TP=1H ATR×4.0，SL=1H ATR×1.5。杠杆5x基于R:R>2.0+5/5趋势共识+关键支撑位。,【强制平仓】4H/1H/15m完美牛市趋势与SHORT头寸严重矛盾 + ⚠️ Bull Exhaustion信号（虽为LONG退出但凸显趋势强度） + 当前亏损-0.32U + 避免趋势背离的放大风险 + 无YTC信号但趋势优先级最高,,
2025-11-15 11:48:58,2025-11-15 13:04:09,SOL,空,0.34367075232,139.99,140.68,9.622781064960002,5.0,142.92,133.57,2.2020547945205595,-0.2346,【Swing Mode】4H/1H/15m完美熊市趋势对齐 + 🚀🚀🚀 Trend Inception SHORT信号（趋势转强加速） + 1H ATR=1.7计算TP=133.57/SL=142.92（R:R 2.67:1 > 2.0要求） + 无YTC信号但PA优先级最高 +  trapped traders：追涨多头在阻力位被困 + S/R强度：阻力$144明确 + 杠杆5x因信号强度高（共识5/5）,【Swing Mode】强制平仓 - 15m检测到Bullish Engulfing exhaustion信号（PA优先级最高），违反'Exhaustion Exit > Strong Inception'规则，无论盈亏立即退出。4H熊市但短期反转信号强烈，避免进一步亏损。,,
2025-11-15 12:18:56,2025-11-15 12:34:20,LTC,多,0.4629447724103259,103.47,104.31,9.576475562080002,5.0,100.13,111.13,2.333333333333322,0.37884,"【Swing Mode】4H/1H/15m完美牛市趋势对齐 + 🚀🚀🚀 Trend Inception强信号加速 + 趋势起始优先覆盖阻力位 + trapped traders: 空头在突破点被困 + S/R强度: 支撑$101明确 + 杠杆 rationale: R:R≥2.0(+2x), 关键水平(+1x), HIGH信号(+1x), 5/5趋势共识(+1x) = 5x max",【Swing Lesson】趋势矛盾强制退出：4H/1H/15m全牛市对齐，但持仓为空头，违反核心原则。退出以避免逆势风险。,,
2025-11-15 12:48:46,2025-11-15 13:04:11,LTC,多,0.458478953382032,105.42,107.93,12.082066619,4.0,104.873,113.4,14.878957169460204,1.0894922,"【Swing Mode】4H/1H/15m完美牛市趋势对齐 + 无明确阻力但趋势动量强劲 + ATR TP=4.0×优化捕获趋势延伸 + trapped traders: 空头在连续上涨中被困 + S/R强度3 + 杠杆计算: R:R≥2.0(+2x), HIGH信号(+1x), 5/5趋势共识(+1x) = 4x",【Swing Mode】趋势冲突平仓 - 4H/1H/15m全面牛市趋势与空头持仓方向矛盾，违反'4H趋势对齐'基本原则。尽管当前PnL为正，但趋势逆转风险高，优先控制风险。,,
2025-11-15 13:19:53,2025-11-15 13:34:02,LTC,多,0.4486676299519764,108.32,108.01,9.71634619424,5.0,104.58,116.68,2.27027027027027,-0.14784,【Swing Mode】4H/1H/15m完美牛市趋势对齐 + 无PA冲突但趋势强劲 + 高共识(5/5) + 多头突破心理（空头被困于支撑） + S/R强度4 + 杠杆理由：R:R≥2.0(+2x)、5/5共识(+1x)、关键支撑位(+1x)、高信号(+1x) → 5x,【Swing Lesson】趋势方向错误：4H/1H/15m全线牛市与SHORT仓位冲突，强制关闭以避免逆势风险。YTC信号类型=NONE，陷阱交易者=早期空头被困于趋势反转。,,
2025-11-15 13:48:43,2025-11-15 17:23:42,SOL,空,0.3433630340585358,141.13,143.61,12.112989434,4.0,143.59,134.79,2.5483870967742126,-0.851540324465175,"【Swing Mode】4H/1H/15m完美熊市趋势对齐 + PA简单回撤在阻力位完成(Retrace 0.3%, Recover 157%) + 1H ATR计算R:R=2.67≥2.0 + 关键阻力位$144 + 陷阱交易者心理：Fading反弹买入者 + 杠杆理由：R:R≥2.0(+2x)、关键水平(+1x)、共识4/5(+0.5x) + 应用Swing Lesson避免过早退出",系统检测：已被止损/止盈自动平仓,,
2025-11-15 14:18:34,2025-11-15 18:08:25,BNB,空,0.0513006833696475,937.21,942.12,12.0196218618,4.0,942.1171499999998,907.43,6.040002841399507,-0.2518863553449676,"【Swing Mode】4H熊市趋势 + 1H空头转弱 + 15m牛市但位置在关键阻力位 + PA Simple Pullback完成（Retrace 0.3%, Recover 93%）+ 阻力位S/R强度4 +  trapped_traders: 'Fading突破追多者在阻力位' + 杠杆计算: R:R≥2.0(+2x), 关键位(+1x), 共识3/5(+0.5x), 基础1x = 4.5x取整4x + 应用Swing Lesson扩大TP乘数",系统检测：已被止损/止盈自动平仓,,
2025-11-15 14:48:43,2025-11-15 15:03:25,LTC,多,0.3688400812565127,105.17,104.77,9.698649936640004,4.0,102.06,114.71,3.054487179487171,-0.13248,"【Swing Mode】4H/1H/15m完美牛市趋势对齐 + PA Simple Pullback完成（回撤2.0%恢复76%）+ 在阻力位附近但趋势强劲准备突破 + 使用优化ATR multipliers（TP=1H ATR×4.0, SL=1H ATR×1.5） + R:R计算2.67≥3.0符合自学习洞察 + 杠杆4x因R:R≥2.0（+2x）和趋势对齐（+1x）和关键水平（+1x）",【Swing Lesson】4H/1H/15m完美牛市趋势与空头持仓矛盾，PA简单回撤提供多头入场机会，强制平仓避免逆势损失,,
2025-11-15 15:19:22,2025-11-15 15:33:25,XRP,空,53.17734645041213,2.2537,2.2507,24.0,5.0,2.2713,1.86,26.97959183673564,0.15399,【Swing Mode】4H/1H/15m完美熊市趋势对齐（100%共识） + 🚀趋势起始（SHORT）YTC信号 + 简单回撤在阻力位完成 + 陷阱交易者为'突破测试追涨者' + S/R强度4 + 应用【Swing Lesson】提高TP乘数至1.3倍避免过早退出 + 杠杆 rationale：5/5共识(3/3趋势对齐) + R:R≥2.0 + 关键阻力位,【Swing Mode强制退出】4H/1H/15m完美熊市趋势对齐但PA出现熊市衰竭信号（long_lower_shadow）→ 遵循优先级规则：Exhaustion Exit > TP计划。 trapped traders：早期空头在衰竭点被迫平仓。S/R强度3/5，衰竭信号强度0.85。,,
2025-11-15 15:33:26,2025-11-15 15:49:05,LTC,多,0.346174509377156,104.34,104.59,12.0422572662,3.0,101.11,114.31,3.061538461538462,0.10454967,【Swing Mode趋势跟随】4H牛市（40%）+1H牛市（30%）+15m多头转弱（20%）趋势对齐度70% + PA简单回撤在支撑位完成 → trapped traders：空头在支撑位被突破后 trapped。S/R强度4/5（支撑$101），weakness_score 0.74。杠杆计算：基础1x + R:R≥2.0(+2x) = 3x。,【Swing Mode】PA熊耗尽信号（long_lower_shadow）强制退出，无论盈亏。趋势4H牛市与空头持仓矛盾，避免进一步损失。,,
2025-11-15 16:21:26,2025-11-15 16:48:18,DOGE,空,739.0983000739099,0.16239,0.16316,24.0,5.0,0.1675,0.14,4.350194552529176,-0.6124093,【Swing Mode】4H熊市趋势 + PA趋势起始空头在阻力位 + 信号强（🚀🚀🚀） + 风险回报2.67>2.0 + 使用1H ATR估计计算SL/TP + 杠杆基于R:R>2.0、共识4/5、关键阻力和高信号,【Swing Lesson】PA熊市衰竭（看涨吞没）强制退出信号，保护资本。4H熊市但衰竭提示空头动能衰减，遵循优先级规则。,,
2025-11-15 16:21:27,2025-11-15 17:04:30,XRP,空,16.3288343331394,2.2341,2.2513,12.162260105799998,3.0,2.2512,1.84,23.622754491018373,-0.2808559505299958,【Swing Mode】4H熊市趋势 + 1H熊市 + 15m熊市完美对齐 + PA简单回撤完成在支撑位但趋势向下 + 风险回报2.67>2.0 + 使用1H ATR估计计算SL/TP + 信号强度中等 + 杠杆基于R:R>2.0和共识4/5,系统检测：已被止损/止盈自动平仓,,
2025-11-15 17:03:42,2025-11-15 17:34:26,LTC,多,0.2719538864010782,103.85,102.9,9.41595006016,3.0,101.01,112.01,2.8461538461538467,-0.25745,"【Swing Mode】4H牛市趋势 + 1H牛市趋势对齐 + 15m多头转弱但Bullish Engulfing价格行为在支撑位确认 + RSI20超卖可能反弹 + 风险回报2.67:1 > 2.0最小值 + 使用摆动策略TP=4.0×ATR捕获趋势延伸 + 陷阱交易者心理：fading early sellers at pullback low + S/R强度：支撑位$101 + 杠杆理由：R:R≥2.0 (+2x), 关键水平 (+1x), 共识中等（3/5, +0.5x), 总杠杆3x",【Swing Lesson】关闭现有SHORT持仓：4H牛市趋势与头寸方向矛盾，PA Simple Pullback在支撑位，趋势对齐牛市，避免进一步亏损。应用AI洞察：退出信号需强确认。,,
2025-11-15 17:34:28,2025-11-15 21:17:40,SOL,空,0.3282153436845417,143.05,140.33,11.736160151800002,4.0,143.72504999999998,137.81,7.510251061074951,0.87621925,【Swing Mode】4H熊市趋势 + 1H空头转弱 + 15m牛市但PA Bearish Pin Bar和Bull Exhaustion在阻力位 + 趋势对齐 + 关键阻力位 + R:R=2.67≥2.0 + 杠杆计算：R:R≥2.0(+2x)、关键水平(+1x)、共识4/5(+0.5x) → 4x,【Swing Mode】强制平仓 - Bear Exhaustion (momentum_decay) + 处于关键支撑$140 + 锁定利润+0.84U。PA显示动量衰减，遵循退出优先级：Exhaustion信号强制平仓。无YTC信号。,,
2025-11-15 17:48:41,2025-11-15 18:03:29,LTC,多,0.3651837714179278,103.09,103.26,9.41078578944,4.0,99.79,110.79,2.3434650455927133,0.06205,"【Swing Mode】4H牛市趋势 + 1H牛市趋势 + 15m简单回撤模式完成(优先级2最佳R:R) + 位于1H支撑$101附近 + ATR 2.0计算TP=110.79(4.0x), SL=99.79(1.5x) → R:R=2.67:1 > 2.0要求 + 杠杆计算:基础1x + R:R≥2.0(+2x) + 关键水平(+1x) = 4x + 应用Swing Lesson避免过早退出，使用优化TP乘数捕获趋势延伸",【Swing Lesson】强制退出：4H牛市趋势与空头头寸根本冲突 + PA Bear Exhaustion信号（优先级最高） + 15m多头转弱确认趋势反转风险。遵循YTC退出逻辑：在盈利状态下遇反向信号立即平仓。,,
2025-11-15 18:34:07,2025-11-15 18:48:22,LTC,多,0.4592041311537714,103.19,103.21,9.47246281744,5.0,100.56,111.01,3.0503875968992284,0.00918,【Swing Mode】4H和1H牛市趋势 + 15m趋势起始强烈信号（🚀🚀🚀） + PA在支撑位附近 + 趋势对齐完美， trapped traders： fading early sellers at pullback low， S/R强度：阻力107，支撑101，杠杆 rationale：强信号+关键水平+R:R>2.0 + 5/5共识等效,【强制平仓】现有空头仓位与4H/1H牛市趋势冲突 + PA Bullish Pin Bar反转信号 + Bull Exhaustion动量衰减 + 应用原则“盈利时+任何反向信号→立即平仓”,,
2025-11-15 18:48:24,2025-11-15 21:01:47,BNB,空,0.0501838660170678,942.12,933.28,11.819805963000002,4.0,947.3833499999998,917.87,4.607331832388264,0.4420564,"【Swing Mode】4H熊市趋势对齐 + 1H阻力位 + PA Simple Pullback完成（Retrace 0.2%, Recover 144%）+ 高R:R（2.67:1）> 3.0阈值 +  trapped traders psychology： fading breakout chasers at resistance + S/R强度4/5 + 杠杆 rationale：R:R≥2.0(+2x), 关键水平(+1x), HIGH信号(+1x) = 4x",软失效(AI确认-scalping): Scalping超时(>0.4h) | AI: Scalping超时（持有2.2小时远超过15-45分钟预期），机会已失效，微小利润需锁定。,,
2025-11-15 19:48:35,2025-11-15 20:03:07,XRP,空,15.783802050678974,2.2536,2.2553,11.855739847,3.0,2.2713,2.18,4.100558659217968,-0.02224031,【Swing Mode】4H-1H-15m三时间框架熊市完美对齐(Mode1) + PA Simple Pullback在阻力位完成 ✓✓✓ + 无YTC信号但趋势强度补偿 + trapped_traders: 'Fading突破交易者在假突破后' + S/R强度3 + 杠杆理由: R:R≥2.0(+2x) + 3/5共识(基础) + 关键阻力位(+1x) = 4x降为3x因ATR数据不全,【Swing Mode】强制出场 - Bear Exhaustion PA信号（long_lower_shadow）触发优先退出规则。4H-1H-15m三时间框架熊市对齐但动量衰竭，避免潜在反转风险。YTC信号未覆盖，遵循PA优先级：Exhaustion Exit > 趋势对齐。,,
2025-11-15 21:33:32,2025-11-15 22:33:27,ETH,空,0.0187977442406283,3175.52,3161.37,11.9385225582,5.0,3217.93,3066.68,2.56637585475125,0.25488,"【Swing模式】4H熊市趋势对齐 + 1H阻力位$3,193确认 + PA简单回撤完成 + 15m指标共识（MACD-4.4, RSI30, Vol51%）支持空头 + 计算R:R 2.67:1 > 2.0要求 + 关键阻力位提供高概率入场 + 杠杆基于R:R≥2.0(+2x)、关键水平(+1x)、高信号(+1x)、共识4/5(+0.5x)总和5x","【Swing模式】PA看涨Pin Bar + 熊市衰竭（long_lower_shadow）在阻力位$3,193，强烈反转信号，遵循退出条件L1（立即关闭）。YTC信号无，但PA优先级最高。Trapped Traders：空头在阻力位被困。S/R强度：阻力位$3,193强（4/5）。杠杆理由：关闭仓位不适用。",,
2025-11-15 22:03:58,2025-11-16 00:19:17,BNB,空,0.0310690509584324,929.32,931.05,9.6244670424,3.0,937.37,902.17,3.378109452736344,-0.0519,"【Swing模式】4H空头转弱但1H/15m熊市对齐 + PA Simple Pullback完成（Retrace 0.2%, Recover 306%） + Swing ATR乘数计算R:R=2.67:1 > 2.0要求 + 无YTC信号但趋势跟随入场 +  trapped traders：fading early buyers at pullback high + S/R强度3（阻力933，支撑908） + 杠杆理由：R:R>2.0 (+2x)，共识估计3/5 (+0x)，关键位中性 (+0x)，总杠杆3x",【Swing模式】熊市衰竭（长下影线）在阻力位$933，强制退出信号。趋势虽熊市对齐，但价格行动显示反转风险，遵循价格行动优先级：衰竭信号强制关闭。YTC信号类型：NONE， trapped traders：早期做空者获利了结导致反弹。S/R强度：阻力位强，弱点分数0.0。杠杆理由：退出持仓，无新开。,,
2025-11-16 00:03:07,2025-11-16 00:08:05,LTC,多,0.4698495279338843,101.66,101.09,11.9388765048,4.0,101.16165,108.47,14.278248144663763,-0.2678142309223108,【Swing模式】4H牛市趋势 + Simple Pullback完成在支撑位 + 恢复112%动量确认 【YTC PB信号】支撑位强度4+弱点分数0.85 【被困交易者心理】 fading早期卖出者在回调低点 【杠杆理由】R:R=2.67:1(≥2.0)+关键支撑位+4/5指标共识,系统检测：已被止损/止盈自动平仓,,
2025-11-16 00:33:47,2025-11-16 01:19:30,ETH,空,0.0151476054023463,3145.62,3152.72,11.910940818,4.0,3164.4334499999995,3045.09,5.237424510477902,-0.10635,"【Swing模式】4H/1H/15m三线熊市完美对齐 + 🚀🚀🚀 Trend Inception (SHORT)强价格行动信号 + R:R 2.67:1 > 2.0要求 + 未违反支撑1.5ATR规则（支撑$3,151 vs 当前$3,148.69） + 杠杆计算（R:R>2.0→+2x, 强信号→+1x, 趋势对齐→+1x, 总和4x）。 trapped_traders: 'fading premature bulls attempting反弹失败'。",【Swing模式】PA显示⚠️⚠️⚠️ Bear Exhaustion (long_lower_shadow) CLOSE SHORT At Support，强制退出信号优先于持仓，遵循价格行动优先级。4H熊市但支撑位衰竭表明潜在反转风险。,,
2025-11-16 02:49:35,2025-11-16 03:03:58,LTC,多,0.3746911187236557,101.55,102.21,9.5115340488,4.0,98.72,108.07,2.315602836879422,0.24365413,【Swing Mode】趋势起始（Trend Inception）优先级最高，覆盖1H/15m弱势；4H看涨对齐；强PA确认（Bullish Pin Bar + 🚀🚀🚀）。YTC未触发但PA主导。阻力位风险通过ATR缓冲管理。杠杆基于R:R 2.67（+2x）、HIGH信号（+1x）、共识估计3/5（无加分），总和4x；在阻力位做多故未加关键水平分。 trapped traders：'Fading early sellers at pullback low'。,【Swing Lesson】关闭SHORT头寸因强烈反信号：PA显示🚀🚀🚀 Trend Inception (LONG) 优先级1信号，与现有SHORT头寸冲突，同时在盈利+0.14U，严格执行AI洞察'In profit + any counter signal → Close immediately'。YTC信号未明确但趋势起始覆盖4H， trapped traders为'早期空头在趋势起始点被套'，S/R强度3（支撑$101），杠杆1x因平仓操作。,,
2025-11-16 03:20:39,2025-11-16 09:51:24,ETH,空,0.0148739912258402,3204.33,3240.01,11.9186407242,4.0,3237.65,3077.05,3.953732264034533,-0.5307040069379827,【Swing Mode】4H熊市趋势，价格在阻力位$3231出现Simple Pullback模式，15m指标MACD+5.7短期看涨但整体趋势向下，使用优化ATR乘数计算TP/SL。被困交易者心理：在阻力位追涨的突破买家被困。S/R强度：阻力位强度高（$3231）。杠杆理由：R:R≥2.0且关键阻力位，但共识未达4/5。,系统检测：已被止损/止盈自动平仓,,
2025-11-16 03:48:33,2025-11-16 05:02:16,SOL,空,0.3384915362177487,141.09,141.82,11.9385964824,4.0,141.80549999999997,134.7,8.793935217092251,-0.2470988214389531,"【Swing Mode】4H熊市趋势对齐，价格在阻力位$144出现Simple Pullback模式（Retrace 0.4%, Recover 156%），15m空头转弱确认入场时机。无YTC信号，但价格行为优先级高， trapped traders为'Fading breakout buyers at resistance'。S/R强度4（阻力明确），杠杆计算：R:R=2.67:1（+2x）、关键水平（+1x）、趋势对齐共识高（+1x），总和4x。",系统检测：已被止损/止盈自动平仓,,
2025-11-16 05:50:48,2025-11-16 06:04:28,LTC,多,0.4654805788461538,101.93,101.75,11.860445148999998,4.0,101.49995,107.21,12.593738840614092,-0.0837,【Swing Mode】4H牛市趋势，1H多头转弱但Simple Pullback在支撑位完成，PA确认入场，趋势延续模式，使用Swing策略，TP/SL基于1H ATR乘数计算，R:R≥2.0，杠杆因R:R高和关键支撑位设置为4x。,【Swing Mode】关闭现有空头：4H牛市趋势与空头持仓矛盾，PA显示熊市衰竭在支撑位$101，简单回撤完成（回撤0.7%，恢复99%），YTC信号类型PB，被困交易者为'在支撑位过早卖出的空头'，S/R强度4（支撑明确）。关闭以规避反趋势风险。,,
2025-11-16 06:04:30,2025-11-16 08:16:57,BNB,空,0.0626273869059832,945.55,942.86,11.8424630996,5.0,949.3832999999998,911.16,8.767536350395222,0.16562455,"【Swing Mode】反趋势空头：4H空头转弱但YTC信号PB（弱点分数0.66）在阻力位$946生效，PA简单回撤完成且牛市衰竭，被困交易者为'在阻力位追多的多头'，S/R强度4。杠杆理由：R:R=5.0>2.0 (+2x)、关键水平阻力(+1x)、共识4/5 (+0.5x)，总和4.5x圆整至5x。使用V8.5摆动参数：TP=5.0×ATR, SL=1.0×ATR。",软失效(AI确认-scalping): Scalping动能停滞(slope=0.043<0.08)+未盈利 + Scalping超时(>0.4h) | AI: 短线交易超时（2.2小时>45分钟），动能停滞且微利，应保护利润避免反转风险。,,
2025-11-16 06:18:26,2025-11-16 07:18:03,SOL,空,0.3319351454837347,141.96,141.47,11.7853573404,4.0,142.6497,133.94,12.831507066857547,0.1617,【Swing Mode】4H熊市趋势 + 价格在阻力位$144完成Simple Pullback模式 + 熊市耗尽信号。被困交易者：在阻力位追多突破的交易者。S/R强度4/5，关键阻力位。杠杆理由：R:R=5:1≥2.0 + 关键水平 + 4/5共识（趋势对齐+PA确认+位置佳+ATR适中），计算基础杠杆1x + R:R≥2.0(+2x) + 关键水平(+1x) = 4x。,【Swing Lesson】PA强制退出：4H熊市但15m出现doji_at_low衰竭模式，价格在阻力位$142， trapped traders为'早期空头获利了结'，根据优先级规则'Exhaustion Exit > Strong Inception'立即平仓保护利润,,
2025-11-16 07:47:45,2025-11-16 09:53:48,SOL,空,0.4187303461728395,141.76,143.17,11.871005314,5.0,143.17,134.17,5.33802816901414,-0.5904097881037023,【Swing Mode】4H熊市趋势对齐，价格在阻力位$142完成Simple Pullback模式（恢复56%），YTC PB信号强度高，陷阱交易者：在回调低点fading early buyers，S/R强度4（关键阻力），杠杆理由：R:R=5:1优异+关键水平+PA确认,系统检测：已被止损/止盈自动平仓,,
2025-11-16 08:04:10,2025-11-16 08:19:55,LTC,多,0.5747721516556942,101.77,101.47,11.6989123748,5.0,100.77,107.97,6.200000000000003,-0.17574529,【Swing Mode】价格行为趋势转强加速（Trend Inception Strong）信号，优先级1最高，覆盖15m不一致；4H多头趋势对齐，在阻力位但突破动能强；1H ATR=1.2，TP=107.97（入场+5.0×ATR），SL=100.77（入场-1.0×ATR），风险回报比5.0:1＞2.2； trapped traders：空头在突破点被套；杠杆5x因信号强（R:R≥2.0 + 关键S/R + HIGH信号）。,【Swing Lesson】4H趋势转为牛市，与现有做空头寸不对齐，PA在阻力位但趋势反转，应平仓以避免进一步损失。遵循盈利时反向信号立即退出原则。,,
2025-11-16 09:19:26,2025-11-16 09:34:10,BNB,多,0.0501749479871066,943.12,945.95,11.830249236400002,4.0,939.8571,960.83,5.427687026878033,0.1385,"【Scalping Mode】逆势交易：4H空头转弱但1H牛市+15m牛市对齐，价格在阻力位$946完成Simple Pullback（✓✓✓ PA优先级2）。使用V8.5 Scalping参数：TP=$960.83（入场价+1H ATR6.5×2.5），SL=$938.08（入场价-1H ATR6.5×1.0），R:R=2.5>1.1。杠杆4x（R:R≥2.0 +2x, 关键水平 +1x, 基础1x）。预期快速捕获阻力突破动能。",【Swing Lesson】反信号平仓：Bullish Pin Bar反转信号出现在阻力位$946，且仓位已盈利1.9%。遵循规则'In profit + any counter signal → Close immediately'锁定利润，避免回撤。,,
2025-11-16 09:34:11,2025-11-16 09:49:14,LTC,多,0.5793310643410853,101.93,101.98,11.8079257534,5.0,101.46015,107.97,13.471157052350852,0.04334553,【Swing Mode】Trend Inception强信号（优先级1）覆盖阻力警告，4H牛市对齐，1H ATR=1.2。使用V8.5优化参数：TP=5.0×ATR=107.97，SL=1.0×ATR=100.77，R:R=5:1>2.2。杠杆 rationale：R:R≥2.0(+2x)、信号HIGH(+1x)、关键级别(+1x)、5/5共识(+1x) = 5x。被困交易者：Fading early sellers at breakout。,【Swing Lesson】4H趋势为牛市，但持仓为空头，违反核心趋势对齐原则。立即关闭以避免进一步风险。,,
2025-11-16 19:19:00,2025-11-16 20:19:44,ETH,多,0.0150640519324394,3106.27,3094.72,9.3630012224,5.0,3061.78,3329.38,4.823721436343873,-0.16575,"【Swing Mode】PA看涨吞没+简单回撤完成+熊市衰竭 at 1H支撑$3,025，反转信号强；风险回报比5.0 > 2.2合格；使用V8.5摆动参数：TP=1H ATR×5.0, SL=1H ATR×1.0；YTC未覆盖4H趋势但PA优先级高；被困交易者心理：fading early sellers at pullback low；S/R强度：支撑明确；杠杆理性：风险回报≥2.0 +2x, 关键水平 +1x, 高分信号 +1x, 基础1x, 总和5x。","【Swing Mode】PA显示熊市衰竭 (momentum_decay) at 1H阻力$3,193，强制关闭空头 regardless P&L，遵循YTC优先级和衰竭退出规则。原持仓摆动策略，信任TP计划但PA信号覆盖。",72.0,0.0
2025-11-16 19:48:21,2025-11-17 00:03:40,SOL,空,0.4252497614875191,137.4,137.21,11.6867139452,5.0,139.19,127.79,5.404494382022463,0.07007182,"【Swing Mode】4H看跌趋势中，Simple Pullback完成（Retrace 2.0%, Recover 58%），做空入场捕捉趋势延续。YTC信号未触发，但PA优先级高。被困交易者：在pullback中做多的交易者可能被困。S/R强度：1H阻力$143，当前价格$137.29接近反弹高位。杠杆理由：R:R=5.0≥2.0（+2x），指标共识约4/5（MACD近零、RSI中性、Vol高、PA确认、趋势对齐，+0.5x），关键水平（阻力区域，+1x），总杠杆4.5x取整5x。",【Swing Mode】PA显示空头衰竭（动量衰减），根据退出条件L1（立即关闭反信号），保护利润+0.13U。持仓承诺调整为响应信号。,95.0,0.0
2025-11-16 20:03:18,2025-11-16 20:19:46,BNB,空,0.0508395058506242,919.77,920.95,11.687494,4.0,924.79095,870.19,9.43805618482299,-0.059,"【Swing Mode】4H熊市趋势对齐+1H Bearish+15m Bearish Pin Bar反转信号， trapped traders为'突破追多者被Pin Bar反转困住'，S/R强度4（阻力$934，支撑$909），价格$920.19处于关键支撑测试位但Bearish Pin Bar预示下破。杠杆 rationale：R:R=5:1>2.0(+2x)、指标共识3/5(+0.5x)、关键水平(+1x)，基础1x，总和4.5x取整4x。使用【V8.5】Swing参数：TP=870.19(ATR×5.0), SL=930.19(ATR×1.0)，预期持仓12小时。",【Swing Mode】PA显示熊市衰竭 (momentum_decay) at 1H阻力$934，强制关闭空头 regardless P&L，遵循YTC优先级和衰竭退出规则。原持仓摆动策略，信任TP计划但PA信号覆盖。,65.0,0.0
2025-11-16 20:33:33,2025-11-16 21:49:31,ETH,空,0.0186644590843441,3107.49,3069.7,11.6048514092,5.0,3157.72,2873.92,4.802494377427941,0.68382,"【Swing Mode】4H熊市趋势对齐 + 1H阻力位$3,193 + 15m Simple Pullback完成 + 趋势延续信号。YTC Signal Type: PB (Pullback)，Trapped Traders Psychology:  fading early buyers at resistance，S/R Strength: 4/5 (强阻力)。Leverage Rationale: R:R≥2.0 (+2x)、关键水平(+1x)、HIGH信号(+1x)、5/5共识假设(+1x)，总和5x。","【Swing Lesson】检测到⚠️ Bear Exhaustion (doji_at_low) 反转信号，根据优先级规则（Exhaustion Exit > Strong Inception），平仓保护既有利润+0.70U。当前价格$3,063.75接近1H支撑$3,088，动量停滞。",100.0,0.0
2025-11-16 20:33:34,2025-11-16 22:03:52,BNB,空,0.0627119773531478,924.86,912.16,11.6048514092,5.0,935.18,875.18,5.042296072507583,0.7614,【Swing Mode】4H熊市趋势对齐 + 1H阻力位$934 + 15m Simple Pullback完成 + 趋势延续信号。YTC Signal Type: PB (Pullback)，Trapped Traders Psychology:  fading breakout buyers at resistance，S/R Strength: 4/5 (强阻力)。Leverage Rationale: R:R≥2.0 (+2x)、关键水平(+1x)、HIGH信号(+1x)、5/5共识假设(+1x)，总和5x。,【Swing Lesson】Bear Exhaustion信号检测，动量衰减在支撑位$909，关闭空头保护已实现利润+0.62U，避免反弹风险。,100.0,0.0
2025-11-16 22:48:45,2025-11-16 23:24:11,BNB,空,0.0654918198277832,918.92,926.0,12.0322881224,5.0,925.59,862.59,8.025787965616022,-0.4636820843807077,【Swing Mode】4H熊市趋势对齐，1H阻力$937，当前价格在阻力位，Simple Pullback完成（回撤0.9%，恢复52%），空头入场最佳。YTC信号未检测，但PA确认。被困交易者心理： fading breakout buyers at resistance。S/R强度：阻力位明确。杠杆理由：R:R=5.0>2.0 (+2x)，关键阻力位(+1x)，信号HIGH(+1x)，共识估计4/5(+0.5x)，总和5x。,系统检测：已被止损/止盈自动平仓,100.0,0.0
2025-11-16 23:03:31,2025-11-16 23:08:10,LTC,空,0.3544052211906581,94.61,95.49,8.346242959039998,4.0,95.475,88.8,4.235294117647092,-0.3118765946477775,"【Swing Mode】反趋势SHORT机会，4H多头转弱但YTC信号覆盖（S/R强度高+weakness估计≥0.85）。PA：Bullish Engulfing和Simple Pullback在阻力位$103，陷阱交易者：Fading early buyers at resistance。使用V8.5 Swing模式：TP=5.0x1H ATR, SL=1.0x1H ATR，R:R=5.0>1.1。杠杆计算：R:R≥2.0(+2x)，关键水平(+1x)，信号HIGH(+1x)，总4x。",系统检测：已被止损/止盈自动平仓,82.0,0.0
2025-11-16 23:35:07,2025-11-17 00:39:00,BNB,空,0.0507347816728873,927.3,937.68,11.7580393266,4.0,937.99,870.79,5.125797629899716,-0.52662703376457,"【Swing Mode】4H看跌趋势中，Simple Pullback在阻力位完成， trapped traders psychology:  fading breakout buyers at resistance（阻力位$937），S/R strength: 4/5（强阻力），使用优化ATR乘数（TP=1H ATR×5.0, SL=1H ATR×1.0），R:R=5.0≥2.2，杠杆计算：基础1x + R:R≥2.0（+2x）+关键位（+1x）=4x，信号分数中高（PA优先级2）。",系统检测：已被止损/止盈自动平仓,100.0,0.0
2025-11-16 23:49:05,2025-11-17 02:01:50,LTC,空,0.3631377104919054,96.32,96.33,11.663983261,3.0,97.99,88.99,4.521472392638052,-0.01088644,【Swing Mode】4H多头转弱但1H/15m看跌（Mode2反趋势），Simple Pullback在阻力位$103完成（回撤2.9%，恢复83%）。YTC信号类型：NONE。被困交易者心理：反弹中追多交易者被困在阻力区。S/R强度：阻力位$103明确，ATR 1.5计算TP/SL。杠杆理由：信号分数MEDIUM（Mode2反趋势需谨慎），R:R=5.0:1 > 2.2要求，3/5共识（PA确认+关键阻力但4H不完全对齐），故3x杠杆。,软失效(AI确认-scalping): Scalping超时(>0.4h) | AI: 头皮交易超时（持有132分钟＞预期45分钟），信号失效，且价格停滞无进展。,95.0,0.0
2025-11-17 00:51:08,2025-11-17 03:14:54,BNB,空,0.0619942934887597,935.48,939.12,11.6043398324,5.0,939.3735,873.7,18.016504994932845,-0.2256592282990844,"【Swing Mode】4H熊市趋势对齐 + 1H阻力位$937附近 + Simple Pullback完成 + RSI75超买利于反转 + 趋势跟随空头 +  trapped traders: 'Fading breakout买家在阻力位' + S/R强度3 + 杠杆理由: R:R=5.0≥2.0 (+2x), 关键水平 (+1x), 信号HIGH (+1x), 总5x",系统检测：已被止损/止盈自动平仓,100.0,0.0
2025-11-17 01:20:55,2025-11-17 01:27:59,ETH,空,0.0185990186082561,3121.93,3144.01,11.614231566,5.0,3142.1123999999995,2823.98,15.032959722614544,-0.4106663308703018,"【Swing Mode】4H熊市趋势对齐 + 1H阻力位$3,193 + 15m简单回撤完成 + PA在阻力位确认入场 + trapped traders: 'Fading early bulls at pullback high' + S/R强度: 4/5 + 杠杆理由: R:R≥2.0(+2x), 关键阻力(+1x), HIGH信号(+1x), 共识假设4/5(+0.5x) = 4.5x取整5x",系统检测：已被止损/止盈自动平仓,100.0,0.0
2025-11-17 02:06:08,2025-11-17 03:15:10,ETH,空,0.0186512957847522,3127.7,3171.73,11.6679895248,5.0,3170.67,2827.47,7.0299485259709495,-0.8212165534026431,"【Swing Mode】4H熊市趋势对齐 + 1H阻力位$3,193 + Trend Inception信号加速下行 + 做空捕捉趋势延续 + 被困交易者：在阻力位测试追多者被困 + S/R强度高(明确阻力) + 杠杆理由：R:R=5.0≥2.0(+2x)、关键水平(+1x)、HIGH信号(+1x)总和4x→5x",系统检测：已被止损/止盈自动平仓,100.0,0.0
2025-11-17 02:06:09,2025-11-17 03:15:34,SOL,空,0.4216228056948761,138.37,140.55,11.6679895248,5.0,140.5,126.7,5.478873239436632,-0.9191377164148328,【Swing Mode】4H熊市趋势对齐 + 1H阻力位$139 + Trend Inception信号加速下行 + 做空捕捉趋势延续 + 被困交易者：在阻力位突破追多者被困 + S/R强度中(阻力明确但ATR小) + 杠杆理由：R:R=5.0≥2.0(+2x)、关键水平(+1x)、HIGH信号(+1x)总和4x→5x,系统检测：已被止损/止盈自动平仓,100.0,0.0
2025-11-17 03:33:45,2025-11-17 05:46:58,LTC,空,0.2432468839314731,97.48,96.81,7.903902081879999,3.0,98.49,88.94,8.455445544554538,0.16122335,【Swing模式】4H多头转弱 + 1H Bearish + 15m空头转弱 + 价格在阻力位$98。YTC信号类型：TST（阻力测试），Trapped Traders Psychology：'套牢反弹买家在阻力位被困'，S/R Strength=3（中等阻力），Leverage Rationale：R:R=5.0≥2.0（+2x）、关键阻力位（+1x），总和3x。,软失效(AI确认-scalping): Scalping反向信号:EXHAUSTION_LONG_LOWER_SHADOW + Scalping超时(>0.4h) | AI: 短线交易超时（133分钟）且出现多头衰竭下影线反向信号，应锁定微小利润,65.0,0.0
2025-11-17 05:03:38,2025-11-18 02:03:14,BNB,空,0.0340040159016049,933.44,908.32,7.93466709056,4.0,945.81,872.61,4.888978278358827,0.7533,【Swing模式】4H空头转弱+1H阻力位$940+15m简单回调完成，趋势对齐做空。YTC信号：阻力位反转， trapped traders='Fading回调追多者在阻力位'。S/R强度=4，使用优化ATR乘数：TP=872.61（ATR12.2×5），SL=945.81（ATR×1），R:R=5.0:1>2.2。杠杆计算：R:R≥2.0(+2x)+关键水平(+1x)+4/5共识(+0.5x)=4x。,软失效(AI确认-swing): Swing持仓超时(>19.2h) | AI: 持仓超时21小时，远超预期4小时，利润微薄且动量减弱，虽趋势仍空但前提可能已失效。,95.0,0.0
2025-11-17 05:34:35,2025-11-17 14:37:40,SOL,空,0.3234110357312027,140.24,142.8,11.3339397472,4.0,142.76,129.16,4.271317829457395,-0.8279322514718797,【Swing模式】4H看跌趋势对齐 + 1H阻力位$143 + 15m Simple Pullback完成且恢复69% + 价格在阻力位 + trapped traders：突破失败多头在$143被困 + S/R强度中 + 杠杆理由：R:R=4.9≥2.0 (+2x)、关键阻力位(+1x)、信号MID(+0x)、共识3/5(+0x) = 4x,系统检测：已被止损/止盈自动平仓,95.0,0.0
2025-11-17 05:34:37,2025-11-18 04:02:04,ETH,空,0.0142354881115332,3185.44,3020.7,11.3339397472,4.0,3248.07,2898.27,4.519962127189495,2.31334329,"【Swing模式】4H看跌趋势对齐 + 1H阻力位$3,198 + 15m Simple Pullback完成且恢复80% + 价格在阻力位超买（RSI80） +  trapped traders：追涨多头在阻力位被困 + S/R强度高 + 杠杆理由：R:R=5.0≥2.0 (+2x)、关键阻力位(+1x)、信号MID(+0x)、共识3/5(+0x) = 4x",软失效(AI确认-swing): Swing持仓超时(>19.2h) | AI: 持仓超时22.4小时，超过Swing预期范围，盈利微小且动量减弱，虽趋势未反转但风险增加。,85.0,0.0
2025-11-17 05:49:08,2025-11-18 01:35:49,LTC,空,0.467850181691974,96.87,92.0,11.323144022400005,4.0,98.28,88.68,5.53061224489796,2.26495,【Swing模式】4H多头转弱+1H看跌+15m看跌趋势对齐，价格在阻力位$98且Simple Pullback完成，PA优先级2提供最佳R:R。YTC信号：无。被困交易者心理：做多者在阻力位追高被困。S/R强度：阻力位$98（强度4）。杠杆理由：R:R=5.0>2.0(+2x)，趋势对齐(+1x)，关键阻力位(+1x)，总分4x。,软失效(AI确认-swing): Swing持仓超时(>19.2h) | AI: 持仓超时19.7小时，超过系统阈值， Swing信号可能失效，锁定利润。,60.0,0.0
2025-11-17 14:19:17,2025-11-17 14:34:19,BTC,空,0.002,94259.8,94755.0,37.70772,5.0,94753.4,90446.6,7.896508985746883,-0.9903999999999942,"【Swing模式】4H看跌趋势对齐 + 1H阻力位$95,545 + 15m趋势起始加速空头。YTC信号：趋势跟随。被困交易者心理：追多突破失败者被困在阻力区。S/R强度4/5。杠杆理由：R:R=5.0:1(≥2.0) + 5/5指标共识 + 关键阻力位 + 高强度信号 → 最大杠杆5x",系统检测：已被止损/止盈自动平仓,100.0,0.0
2025-11-17 16:18:51,2025-11-17 16:21:09,SOL,空,0.2546103998381727,133.83,135.72,8.52753881658,4.0,135.68505,125.01,5.224337482872244,-0.4812136556941429,【Swing模式】4H/1H/15m三重看跌趋势对齐 + 1H阻力位$143 + 15m Trend Inception强烈做空信号 + ATR 2.0提供R:R(5.0>2.2) + trapped traders: 在$137支撑尝试抄底者被套 + S/R强度3 + 杠杆 rationale: R:R≥2.0(+2x)、趋势对齐(+1x)、中等共识(+0.5x)=3.5x取整4x,系统检测：已被止损/止盈自动平仓,100.0,0.0
2025-11-17 17:18:43,2025-11-18 06:13:05,SOL,空,0.3463769180657641,134.44,136.91,9.311997065280002,5.0,136.84,123.64,4.45454545454542,-0.8555509876224369,【Swing模式】4H看跌趋势对齐 + 15m Simple Pullback完成（回调2.2%恢复50%）+ 1H阻力$143提供下行空间。YTC信号：NONE。Trapped Traders Psychology：回调买入者被套于短期反弹。S/R强度：阻力$143（强度中）。杠杆理由：R:R=5:1≥2.0(+2x)、信号HIGH(+1x)、共识4/5(+0.5x)、关键水平(+1x)，总和4.5x取整5x。,系统检测：已被止损/止盈自动平仓,100.0,0.0
2025-11-17 17:34:25,2025-11-18 04:47:30,BTC,空,0.0020001134365606,93432.4,89330.6,46.7248,4.0,93960.16349999998,89268.0,8.095746258458263,8.204065294084247,"【Swing模式】4H熊市趋势对齐+1H熊市+15m熊市，Simple Pullback回调完成（回撤1.5%恢复65%），价格在1H支撑93,677附近但趋势向下突破概率高。YTC信号：无覆盖，遵循主趋势。被困交易者心理：做多者在支撑位抄底被困，下跌中将被迫平仓。S/R强度：阻力95,545（强度4），支撑93,677（强度3）。杠杆理由：R:R=5.0:1≥2.0(+2x)，共识3/5(+0.5x)，关键位置(+1x)，总和4x。",系统检测：已被止损/止盈自动平仓,100.0,0.0
2025-11-18 02:21:39,2025-11-18 09:51:00,BNB,空,0.0597980491565418,910.85,925.89,13.620949131999998,4.0,926.02,834.22,5.165211551376766,-0.8993626593143865,【Swing模式】4H看跌趋势对齐 + 1H阻力位$939 + 15m Bearish Engulfing✓✓ + Trend Inception空头加速✓✓✓✓双重强信号。关键阻力位入场，空头趋势延续。被困交易者心理： fading breakout buyers at resistance。S/R强度4/5。杠杆计算：R:R=5.0>2.0(+2x)、强信号(+1x)、关键位(+1x)=4x。,系统检测：已被止损/止盈自动平仓,82.0,0.0
2025-11-18 03:35:16,2025-11-18 03:36:47,LTC,空,0.8065403882680953,91.47,91.92,14.753236782199998,5.0,91.91729999999998,80.66,23.616881696917225,-0.3629431747206451,【Swing模式】🚀趋势inception（空头加速） + 熊市Pin Bar确认 + 4H/1H/15m熊市对齐。ATR R:R=4.0:1>3.0。阻力位$97清晰， trapped traders： fading breakout chasers at resistance。杠杆 rationale： R:R≥2.0(+2x) + 关键级别(+1x) + 高信号(+1x) + 基础1x = 5x。,系统检测：已被止损/止盈自动平仓,100.0,0.0
2025-11-18 08:20:26,2025-11-18 08:34:44,ETH,空,0.0207257061085659,3032.49,3046.79,12.5767729808,5.0,3046.8585,2935.23,7.749343574871975,-0.2963775973524961,"【摆动模式】4H看跌趋势对齐 + 1H阻力位$3,049 + 15m简单回撤完成（优先级2） + 指标共识4/5（RSI69超买、Vol113%高、MACD正但趋势弱） + 调整TP至$2,935.23实现R:R=2.2:1 + 杠杆计算：R:R≥2.0(+2x)、关键阻力位(+1x)、HIGH信号(+1x)、4/5共识(+0.5x)，总和5x",系统检测：已被止损/止盈自动平仓,100.0,0.0
2025-11-18 10:03:10,2025-11-18 14:32:32,BTC,空,0.0020002297761433,91401.2,91923.4,36.56152,5.0,91911.27,87680.0,7.168948008572116,-1.0445199891020254,"【Swing模式】4H+1H看跌趋势对齐 + 简单回撤完成于阻力位$91,454 + 3/5指标共识 + 计算R:R=2.0:1符合要求 +  trapped traders：追多者在阻力位被困 + S/R强度4/5 + 杠杆 rationale：R:R≥2.0(+2x)+关键位(+1x)+基础1x=4x→5x",系统检测：已被止损/止盈自动平仓,100.0,0.0
2025-11-18 10:03:12,2025-11-18 14:32:34,ETH,空,0.0203718902379162,3060.48,3082.31,12.467189387799998,5.0,3082.335,2867.4,8.580343213728744,-0.4447183638937091,"【Swing模式】4H看跌主导 + 简单回撤完成于阻力位$3,067 + 3/5指标共识 + 计算R:R=2.0:1符合要求 + trapped traders：早期多头在回撤高点加仓被困 + S/R强度4/5 + 杠杆 rationale：R:R≥2.0(+2x)+关键位(+1x)+基础1x=4x→5x",系统检测：已被止损/止盈自动平仓,100.0,0.0
2025-11-18 12:19:45,2025-11-18 15:31:14,BNB,空,0.0414196394924057,916.73,925.27,12.653423734,3.0,947.28,859.68,1.844155844155849,-0.33205641,【Swing模式】4H看跌对齐 + 🚀🚀🚀 Trend Inception强势加速 + 处于阻力位$919 + 3/5指标共识 + ATR计算R:R=1.61>1.5 + trapped traders:  fading resistance test failures + 关键阻力强度4/5 + 杠杆 rationale: 强信号(+1x) + 关键位(+1x) = 3x,硬失效(关键位破位): 突破关键阻力$919（硬失效）,100.0,0.0
2025-11-18 14:03:55,2025-11-18 14:26:10,XRP,空,17.31837934801437,2.1682,2.1808,12.5304247376,3.0,2.1808499999999995,1.945,22.00975609756172,-0.2182115797849801,"【Swing模式】4H看跌+1H看跌强势对齐 + 🚀🚀🚀 Trend Inception空头加速 + 处于阻力位$2.17 + 3/5指标共识(MACD<0, RSI41, Vol>80%) + 计算R:R 1.61:1 > 1.5最低要求 +  trapped traders: 追多突破失败者被套在阻力区 + 杠杆 rationale: R:R 1.61(<2.0故+0x) + 关键阻力(+1x) + 强信号(+1x) = 3x",系统检测：已被止损/止盈自动平仓,100.0,0.0
2025-11-18 15:03:39,2025-11-19 10:46:59,BTC,空,0.002,91188.4,91320.1,60.81086666666667,3.0,93860.26,87226.75,1.5089297871374814,-0.2982501,"【Swing模式】4H熊市+1H熊市趋势对齐（2/3时间帧） + 熊市Pin Bar/简单回撤PA在阻力位 + R:R=1.61:1 > 1.5:1 + 关键阻力位($95,545)强化信号 + 杠杆基于：R:R 1.61:1 (<1.8, +0x) + 共识4/5 (估计, +0.5x) + 关键水平(+1x) + HIGH信号(+1x) = 3.5x → 取整3x + 【Swing Lesson】应用自学习洞察：减少趋势对齐要求至2/3以更快进入",软失效(AI确认-swing): Swing长时间停滞(1183min)+未盈利 + Swing持仓超时(>19.2h) | AI: 持仓超19小时未盈利，SWING信号失效，尽管趋势未破，但时间成本过高。,93.0,0.0
2025-11-18 15:33:46,2025-11-18 16:08:27,ETH,空,0.0107918590140573,3109.21,3123.86,11.1982084788,3.0,3123.79125,2923.85,17.459665320254345,-0.1581007345559404,【Swing模式】4H熊市主导+1H空头转弱+15m牛市反弹衰竭，PA简单回撤完成提供高概率入场点， trapped traders为'追涨反弹多头'，S/R强度3（阻力3180），杠杆因R:R=2.0:1 + 4/5共识计算,系统检测：已被止损/止盈自动平仓,100.0,0.0
2025-11-18 15:48:49,2025-11-18 16:31:15,SOL,空,0.3211765079253378,139.79,141.29,11.2275277758,4.0,144.95,131.75,1.5781250000000098,-0.47849873,【Swing模式】4H熊市+1H空头转弱+15m Bearish Pin Bar反转信号，趋势对齐度2.5/3。PA在阻力区139提供高概率入场点，R:R=2.0:1符合Swing最低要求。陷阱交易者：Fading突破阻力后的追多者。S/R强度4/5，使用优化ATR乘数计算SL/TP。,硬失效(关键位破位): 突破关键阻力$139（硬失效）,100.0,0.0
2025-11-18 16:35:04,2025-11-18 16:43:03,SOL,多,0.224466858948934,141.1,140.5,10.564158605,3.0,140.50395,151.21,14.60534946432489,-0.1346801153693591,"【Swing模式】4H空头转弱+1H空头转弱+15m牛市趋势部分对齐，PA的Simple Pullback信号（回撤2.4%恢复74%）完成入场。使用V8.5 Swing策略ATR乘数：TP=1H ATR×4.0, SL=1H ATR×2.0。R:R=2:1≥1.5，达标。杠杆基于信号强度（MID/HIGH）和共识（3/5）。无YTC覆盖，但趋势转弱支持反弹。",系统检测：已被止损/止盈自动平仓,100.0,0.0
2025-11-18 16:49:02,2025-11-18 18:46:39,ETH,空,0.013732466878233,3157.39,3164.96,10.8310712762,4.0,3164.4837,2948.74,21.464643835190326,-0.103954774268226,"【Swing模式】4H熊市+1H空头转弱趋势对齐 + Simple Pullback完成在1H阻力3,180附近 + 指标共识（RSI79超买, Vol115%高位, MACD正但减速） + 最佳R:R位置。Trapped Traders: 做多者在阻力位追高被困。杠杆计算：R:R=2.0(+2x), 关键阻力(+1x), 信号HIGH(+1x), 共识4/5(+0.5x) = 4.5x → 4x。",系统检测：已被止损/止盈自动平仓,100.0,0.0
2025-11-18 16:49:03,2025-11-19 00:33:59,LTC,空,0.3356736965764462,96.8,95.51,10.8310712762,3.0,97.22369999999998,89.94,16.190700967666473,0.4355,"【Swing模式】4H熊市+1H空头转弱趋势对齐 + Simple Pullback完成在1H阻力96附近 + 指标共识（RSI61中性偏空, Vol71%偏低, MACD微弱正） + 合理R:R。Trapped Traders: 短线做多者在阻力96附近被困。杠杆计算：R:R=2.0(+2x), 关键阻力(+1x), 信号MID(+0x) = 3x。",【Swing Lesson】PA触发⚠️熊市衰竭（long_lower_shadow）强制退出信号，根据价格行动优先级（衰竭>趋势），立即关闭空头锁定利润+0.47U，避免趋势反转风险。4H看跌但1H空头转弱，衰竭信号覆盖持有逻辑。,100.0,0.0
2025-11-18 19:04:03,2025-11-19 15:17:24,ETH,空,0.0138537880494158,3156.99,3091.17,10.928075820200002,4.0,3174.9156,2936.12,11.148985530841587,0.84980849,"【Swing模式】4H熊市趋势对齐 + 1H阻力位3223 + PA简单回撤完成+看跌PinBar。YTC信号强度高， trapped traders心理学：在阻力位 fading breakout buyers。杠杆计算：R:R 2.0:1 (+1x)、关键阻力位(+1x)、PA确认(+1x)、共识4/5(+0.5x)，总分3.5x取整4x。使用【V8.5】Swing参数：TP=1H ATR×5.0, SL=1H ATR×2.5。",软失效(AI确认-swing): Swing持仓超时(>19.2h) | AI: 持仓超时20小时，利润微薄，原摆动信号失效，趋势未反转但风险增加。,92.0,0.0
2025-11-18 19:48:40,2025-11-18 21:18:57,SOL,空,0.2191924058721836,141.1,140.84,7.7342040412,4.0,142.70999999999998,130.68,6.662420382165621,0.0567,【Swing模式】4H空头转弱 vs 1H/15M牛市趋势冲突（Mode2反向交易） + 看跌吞没PA在1H阻力$142 +  trapped traders心理：fading breakout chasers at resistance + S/R强度4 + 杠杆理由：R:R≥2.0(+1x)、4/5共识(+0.5x)、关键阻力位(+1x)、HIGH信号(+1x)，基础1x，总和3.5x取整4x,【Swing模式】市场反转退出：1H和15m同时转为牛市（空头仓位不利），违反趋势对齐。PA显示Bear Exhaustion但非主要退出理由。遵循退出规则Option B（1H+15m反转）。无杠杆因平仓。,92.0,0.0
2025-11-18 20:04:31,2025-11-18 21:18:58,BNB,空,0.0353065590002883,936.49,934.12,11.021177769,3.0,941.1121499999998,889.93,10.025526964876663,0.07211548,【Swing模式】4H空头转弱 vs 1H/15m牛市冲突（Mode2反向），PA简单回撤在阻力位939完成（回撤0.5%，恢复62%）。被困交易者：在回撤中追涨的突破交易者。S/R强度4（1H阻力939）。杠杆理由：R:R 2.0 + 关键阻力 + 中等共识。使用【V8.5】波段ATR乘数。,【Swing模式】市场反转退出：1H和15m同时转为牛市，空头仓位趋势破坏。PA有Bear Exhaustion但忽略单一信号。严格执行退出规则Option B。无杠杆因平仓。,100.0,0.0
2025-11-18 22:48:48,2025-11-18 23:33:40,SOL,空,0.2184174311133772,141.12,140.81,7.710681361879999,4.0,142.5,136.0,4.038759689922512,0.05720258,【Swing模式】4H空头转弱 vs 1H+15m牛市，反趋势空头机会。PA在阻力$142有牛市衰竭（长上影线），R:R=4.51:1>3.0。使用优化ATR乘数：TP=6.0×ATR=12，SL=2.5×ATR=5。杠杆基于R:R>2.0+关键阻力。,【Swing模式】市场反转退出：持仓为SHORT，但1H(Bullish)和15m(Bullish)均反转，满足V8.5.3退出条件B（1H反转+15m反转）。反趋势空头机会失效，保护资本。,100.0,0.0
2025-11-18 22:48:49,2025-11-18 23:33:41,BNB,空,0.0471538578927879,934.4,934.32,11.0152590884,4.0,940.0,910.0,4.3667262969588245,0.0032,【Swing模式】4H空头转弱 vs 1H+15m牛市，反趋势空头机会。PA在阻力$939有牛市衰竭（动量衰减），R:R=4.78:1>3.0。使用优化ATR乘数：TP=6.0×ATR=51，SL=2.5×ATR=21.25。杠杆基于R:R>2.0+关键阻力。,【Swing模式】市场反转退出：持仓为SHORT，但1H(Bullish)和15m(Bullish)均反转，满足V8.5.3退出条件B（1H反转+15m反转）。反趋势空头机会失效，避免进一步亏损。,100.0,0.0
2025-11-19 01:19:41,2025-11-19 01:48:40,BNB,空,0.03554635856478,932.47,934.1,8.287100303999999,4.0,943.695,899.21,2.9878978036754824,-0.0486,"【Swing模式】YTC信号覆盖4H趋势（S/R强度≥4）+ 在阻力位939看跌吞噬 + 陷阱心理： fading breakout chasers at resistance + 4H空头转弱但YTC覆盖，1H牛市反向，15m共识3/5（MACD-0.7、RSI48、Vol184%），摆动模式TP=899.21（1H ATR×4.0），SL=946.61（1H ATR×2.0），R:R=2.0:1达标，信号分数≥60，杠杆 rationale: R:R≥2.0 +2x, 关键水平+1x, 共识3/5 +0.5x, 总4x",【Swing模式】市场反转退出：1H和15m同时反转成牛市（1H Bullish + 15m Bullish），触发V8.5退出规则。无YTC信号，原空头头寸未达TP但反转风险高。杠杆1x因平仓操作。,100.0,0.0
2025-11-19 01:34:29,2025-11-19 17:04:30,LTC,空,0.340464981016721,95.08,90.2,8.09370376122,4.0,96.48,90.19,3.5251798561151464,1.661469107361597,"【Swing模式】4H熊市趋势对齐 + 在阻力位96看跌Pin Bar反转 + 1H ATR=1.3计算TP/SL + 陷阱心理：fading breakout chasers at resistance + S/R强度4 + 杠杆 rationale: R:R=2.0(+2x), 关键阻力位(+1x), 信号HIGH(+1x), 共识3/5(无加乘), 基础1x, 总和5x但保守用4x",系统检测：已被止损/止盈自动平仓,92.0,0.0
2025-11-19 02:20:08,2025-11-19 02:55:13,SOL,空,0.1668258588311246,141.06,142.69,7.846932313219999,3.0,142.70999999999998,132.89,5.137500000000126,-0.2719261498947323,【Swing模式】4H空头转弱+1H牛市+15m牛市趋势不完全对齐（Mode2反趋势），但在阻力位142出现简单回撤PA，提供做空机会。使用优化ATR乘数：TP=132.89（4.0×1H ATR 2.1），SL=145.49（2.0×ATR），风险回报2.0:1达标。信号质量中高（共识2/5：MACD-0.0、RSI50中性、Vol99%正常）， trapped traders心理：'fading breakout chasers at resistance'。杠杆基于R:R≥2.0 + 关键阻力位 = 3x。,系统检测：已被止损/止盈自动平仓,100.0,0.0
2025-11-19 02:33:43,2025-11-19 04:46:36,BNB,空,0.0606968823811702,939.59,926.49,11.408464618600002,5.0,943.695,906.22,8.596670934699148,0.7896,"【Swing模式】4H空头转弱+1H/15m牛市反趋势对齐（模式2），但YTC BOF信号在阻力位$939 + PA简单回撤完成（Retrace 0.3%, Recover 147%）→  trapped traders：追涨突破者被套在阻力，S/R强度≥4覆盖4H趋势。杠杆理由：R:R=2.0 (+2x)、关键阻力(+1x)、中高信号(+1x)、共识4/5(+0.5x) → 总和4.5x取整5x。",软失效(AI确认-scalping): Scalping超时(>0.4h) | AI: Scalping交易已超时（持有133分钟），错过最佳退出点，且1小时趋势转为多头，风险增加。,100.0,0.0
2025-11-19 03:04:00,2025-11-19 03:07:17,SOL,多,0.2411112733122363,142.21,141.38,11.428674355,3.0,141.37955,150.89,10.591748430739305,-0.2001223568491591,【Swing模式】4H空头转弱+1H牛市+15m牛市趋势对齐(Mode2反趋势)，PA简单回撤完成(回撤0.8%恢复132%)最佳R:R模式，1H ATR=2.2，TP=150.89(SL=137.69)，R:R=2.0:1达标， trapped fading early sellers at pullback low,系统检测：已被止损/止盈自动平仓,100.0,0.0
2025-11-19 04:03:56,2025-11-19 05:03:20,SOL,多,0.3467279718585467,139.49,138.46,12.0843366392,4.0,138.305,148.9,8.588235294117736,-0.3434,【Swing模式】反趋势对齐（4H空头转弱+1H牛市）+ YTC Pin Bar在支撑位 + 陷阱交易者心理学：在支撑位fading早期卖家 + S/R强度高（支撑$139） + 杠杆计算：基础1x + R:R2.0→+2x + 关键水平→+1x = 4x,【Scalping模式】PA Bear Exhaustion强制退出信号 + 4H趋势转弱 + 避免利润回撤【Swing Lesson】应用及时退出规则,92.0,0.0
2025-11-19 05:03:21,2025-11-19 05:25:36,BNB,多,0.0539490058450567,925.66,920.5,12.4824512274,4.0,920.375,957.77,6.296585365853655,-0.2783768701604908,【Swing模式】反趋势对齐 + YTC Simple Pullback在支撑位完成 + weakness≥0.85覆盖4H趋势 + 捕捉多头反弹【Scalping Lesson】应用扩大TP规则 + 陷阱交易：fading过早空头在回调低点,系统检测：已被止损/止盈自动平仓,100.0,0.0
2025-11-19 06:49:29,2025-11-19 07:37:42,BNB,空,0.0687696579238342,924.22,929.98,12.7127589638,5.0,929.9466,894.12,5.344809265752801,-0.3961132296412843,【Swing模式】YTC Bearish Pin Bar反转信号（强度92）+ 1H阻力位926精准测试 + 趋势对齐（4H空头转弱/15m熊市，2/3时间帧）。 trapped traders： fading breakout chasers at resistance。 S/R强度4，使用优化ATR乘数：TP=894.12（4.0×ATR），SL=934.68（1.2×ATR），R:R=3.33:1。杠杆5x因R:R≥2.0+关键阻力位。,系统检测：已被止损/止盈自动平仓,92.0,0.0
2025-11-19 07:03:37,2025-11-19 07:46:20,SOL,空,0.4542883806532663,139.29,140.7,12.656474285,5.0,141.26,131.38,4.040816326530663,-0.63,【Swing模式】4H空头转弱+1H多头转弱+15m熊市趋势对齐（2/3时间帧） + 简单回撤完成PA在1H阻力$139 + 看涨衰竭信号 + ATR计算R:R=3.33:1＞1.0 + 杠杆 rationale: R:R≥2.0(+2x)、关键阻力(+1x)、信号估计HIGH(+1x)、基础1x → 总5x,硬失效(关键位破位): 突破关键阻力$139（硬失效）,100.0,0.0
2025-11-19 08:19:52,2025-11-19 15:47:15,BNB,空,0.0448144451765337,930.56,902.81,8.341760825159998,5.0,941.28,902.8,2.6370510396975693,1.24360085364881,"【Swing模式】YTC Bearish Pin Bar反转在阻力位939 + S/R强度高(4) + 趋势不一致但YTC覆盖(weakness≥0.85) +  trapped traders心理：'Fading突破追多者在阻力位' + ATR=7.4, R:R=3.33:1 > 1.0达标 + 杠杆5x因R:R≥2.0 & 关键水平 & 高信号",系统检测：已被止损/止盈自动平仓,92.0,0.0
2025-11-19 08:35:14,2025-11-19 17:34:03,XRP,空,21.67425615245143,2.1623,2.0578,11.7149354504,4.0,2.1708,1.96,22.95454545454566,2.25072,【Swing模式】4H熊市+1H熊市+15m熊市趋势对齐（3/3时间帧），在阻力位$2出现Bullish Pin Bar反转信号 + 简单回撤完成，YTC PB信号覆盖， trapped traders为'Fading breakout buyers at resistance'，S/R强度高(4)，R:R=3.33:1，使用【V8.5】Swing参数：TP=1H ATR×4.0，SL=1H ATR×1.2,【Swing模式】熊市衰竭信号强制退出（PA优先级最高）+ 价格行动显示long_lower_shadow暗示空头动能减弱 + 遵循「EXIT NOW」规则保护浮动利润 + 无4H/1H反转但衰竭信号独立触发平仓,100.0,0.0
2025-11-19 09:05:10,2025-11-19 09:46:44,SOL,多,0.174384876124498,139.51,139.21,12.1581135634,2.0,138.305,143.91,3.938325991189458,-0.04884802,【Scalping模式】YTC看涨Pin Bar反转在支撑位$139 + 熊市耗尽信号关闭空头 + 1H牛市与15m空头转弱形成逆势机会 + S/R强度中(3) + 支撑位承接力强 + 杠杆因关键水平+1x和R:R>1.5,软失效(AI确认-scalping): Scalping反向信号:BEARISH_PIN_BAR | AI: scalping模式下出现看跌Pin Bar反转信号，原支撑位失效，持仓时间已超预期，需及时止损。,92.0,0.0
2025-11-19 11:19:47,2025-11-19 15:07:37,BTC,空,0.002,91646.1,92035.1,36.65848,5.0,92058.0,88447.6,7.767362797474701,-0.778,"【Swing模式】4H熊市+1H熊市趋势对齐（模式1），在1H阻力位$91,987完成简单回撤（回撤0.5%恢复89%），PA确认入场。使用优化ATR乘数：1H ATR=788.1，TP=88,447.6（入场价-1H ATR×4.0），SL=92,545.72（入场价+1H ATR×1.2），R:R=3.33:1>1.0。杠杆理由：R:R≥2.0(+2x)、关键阻力位(+1x)、信号强度中高(+1x)、共识4/5(+0.5x)，总和5x。被困交易者：在阻力位追多者面临回落压力。",系统检测：已被止损/止盈自动平仓,100.0,0.0
2025-11-19 11:49:08,2025-11-19 18:18:16,SOL,空,0.4458648052722683,138.63,131.18,12.3638310502,5.0,139.46385,131.17,9.19088284081833,3.321692799278394,【Swing模式】Mode2反趋势入场，4H空头转弱+1H多头转弱+15m熊市，PA简单回撤完成在阻力位$141，ATR=1.9，TP=131.17 (入场价-1H_ATR×4.0)，SL=141.05 (入场价+1H_ATR×1.2)，R:R=3.33:1≥2.0。Trapped Traders Psychology：回撤吸引多头入场但趋势转弱， fading breakout chasers。S/R强度=4 (阻力明确)，杠杆计算：R:R≥2.0 (+2x)、关键水平 (+1x)、共识估计4/5 (+0.5x)、HIGH信号 (+1x)，总和4.5x取整5x。,系统检测：已被止损/止盈自动平仓,100.0,0.0
2025-11-19 15:48:53,2025-11-19 23:08:23,ETH,空,0.0132643157760931,2988.16,3015.67,13.2105952972,3.0,3016.8894,2851.08,4.709808053885466,-0.364901327000324,【Swing模式】4H熊市+1H熊市+15m熊市三时间框趋势对齐 + PA Simple Pullback完成在支撑位(回撤2.8%恢复124%) + 预期继续下跌 + 1H ATR=37.7计算TP/SL + R:R=3.33:1优于要求 + 被困交易者：fading early buyers at support expecting bounce但趋势向下,系统检测：已被止损/止盈自动平仓,100.0,0.0
2025-11-19 16:04:30,2025-11-19 21:20:59,BTC,空,0.002,90017.0,90354.2,36.009159999999994,5.0,90350.505,86350.6,11.2095358739947,-0.6743999999999942,"【Swing模式】4H熊市+1H熊市+15m熊市三时间框趋势对齐（3/3） + PA趋势inception做空（最高优先级） + 1H ATR=887.6计算TP/SL + R:R=3.33:1 ≥2.5 + 信号得分≥85/HIGH + 杠杆 rationale（R:R≥2.0 +2x, 强信号 +1x, 关键位 +1x） +  trapped traders心理（fading弱势反弹多头）",系统检测：已被止损/止盈自动平仓,100.0,0.0
2025-11-19 16:04:32,2025-11-19 18:48:50,BNB,空,0.0732645901934995,897.01,872.79,13.146011947600002,5.0,906.88,855.36,4.300411522633728,1.66758817,"【Swing模式】4H熊市+1H熊市+15m熊市三时间框趋势对齐（3/3） + PA趋势inception做空（最高优先级） + 1H ATR=9.9计算TP/SL + R:R=3.33:1 ≥2.5 + 信号得分≥85/HIGH + 杠杆 rationale（R:R≥2.0 +2x, 强信号 +1x, 关键位 +1x） + trapped traders心理（fading突破失败多头）",【Swing Lesson】严格执行价格行为退出规则 - ⚠️熊市耗尽信号(doji_at_low)强制关闭做空，PA明确提示CLOSE SHORT，尽管当前盈利+1.69U，但耗尽信号优先级高于趋势延续,100.0,0.0
2025-11-19 18:03:09,2025-11-19 19:18:59,LTC,空,0.6271039961140068,90.07,89.54,14.1364918324,4.0,90.9525,85.19,6.364217252396296,0.33090847,【Swing模式】4H熊市+1H熊市+15m熊市三时间框趋势对齐（3/3） + PA Simple Pullback完成 + 1H ATR=1.2计算TP=85.19（4.0x ATR）、SL=91.43（1.2x ATR），R:R=3.33:1 > 1.0 + 关键阻力位$95附近 + 趋势跟随入场,【Swing模式】Bear Exhaustion信号强制退出（PA优先级最高） + 4H/1H/15m熊市但动量衰减 + 无YTC信号 + trapped_traders: 空头平仓引发反弹 + S/R强度: 支撑位未知 + 杠杆理由: 平仓操作,100.0,0.0
2025-11-19 19:03:39,2025-11-19 19:18:58,SOL,空,0.31990923904,131.2,131.57,13.996029208,3.0,132.03689999999995,87.38,55.75041301309116,-0.12193037,【Swing模式】4H熊市+1H熊市+15m熊市三时间框趋势对齐（3/3） + PA Simple Pullback完成（回撤0.8%，恢复88%）✓✓✓。利用熊市趋势延续，陷阱心理学： fading early buyers at pullback high。1H S/R阻力139提供上下文，ATR=2.0计算TP/SL。杠杆 rationale：R:R=8.8:1 ≥2.0 (+2x)，趋势对齐共识4/5 (+0.5x)，信号质量高(+0.5x)，总和建议3x。,【Swing模式】Bear Exhaustion信号强制退出（PA优先级最高） + 4H/1H/15m熊市但动量衰减 + 无YTC信号 +  trapped_traders: 空头获利了结导致反弹 + S/R强度: 支撑位$129 + 杠杆理由: 平仓操作,100.0,0.0
2025-11-19 19:33:44,2025-11-19 20:01:56,XRP,空,13.835087614769776,2.04,2.0364,14.106947086400002,2.0,2.0502,1.9,12.779816513761572,0.04968,【Scalping模式】4H熊市+1H熊市+15m熊市三时间框趋势对齐 + PA简单回撤完成在1H阻力$2.0附近。ATR 0.0可能数据异常，使用默认计算：TP=2.0-(0.1×20.0)=0（需调整），实际基于R:R≥1.5设定。阻力位做空符合熊市方向，但信号分数中等（估计70-74），轻仓参与。Trapped traders： fading breakout buyers at resistance。,软失效(AI确认-scalping): Scalping反向信号:EXHAUSTION_MOMENTUM_DECAY | AI: Scalping模式对反向信号高度敏感，动量衰减表明下跌动力不足，应保护小额利润。,100.0,0.0
2025-11-19 19:48:50,2025-11-19 20:12:05,BNB,空,0.0653493250255754,875.69,880.43,14.3088882076,4.0,880.4101499999999,656.25,48.04875113508417,-0.3097558006212206,【Swing模式】4H熊市+1H熊市+15m熊市三时间框趋势对齐（3/3） + PA Bull Exhaustion（长上影线）表明多头耗尽 + YTC BOF信号（阻力$919，弱点得分推断≥0.7） +  trapped traders为' fading breakout buyers at exhaustion high' + S/R强度中（4/5） + 杠杆 rationale：R:R≥2.0（+2x）、关键水平（+1x）、HIGH信号（+1x），总和4x,系统检测：已被止损/止盈自动平仓,100.0,0.0
2025-11-19 20:33:39,2025-11-19 20:38:21,LTC,空,0.6133405797178718,90.09,90.6,13.804763098,4.0,90.59069999999998,64.4,45.710718744428,-0.312803695656109,【Swing模式】4H熊市+1H熊市+15m熊市三时间框趋势对齐 + PA Simple Pullback at Resistance + YTC PB信号 +  trapped_traders: 'Fading breakout buyers at resistance' + S/R强度4 + 杠杆 rationale: HIGH信号(1x) + R:R≥2.0(2x) + 关键S/R(1x) = 4x,系统检测：已被止损/止盈自动平仓,100.0,0.0
2025-11-19 20:48:53,2025-11-19 20:54:33,SOL,空,0.521258998565713,132.47,132.97,13.810235908,5.0,132.95144999999997,92.69,82.62540243016458,-0.2606294992828565,【Swing模式】4H熊市+1H熊市+15m熊市三时间框趋势对齐（3/3） + PA Simple Pullback完成。ATR优化参数：TP=92.69（19.8×1H ATR），SL=137.29（2.5×1H ATR），R:R=7.92:1。陷阱交易者： fading early buyers at pullback high。杠杆基于R:R≥2.0+关键阻力+HIGH信号。,系统检测：已被止损/止盈自动平仓,100.0,0.0
2025-11-19 20:48:54,2025-11-19 20:55:47,BNB,空,0.0781130776818742,883.99,887.04,13.810235908,5.0,887.0129999999999,674.7,69.23255044657827,-0.2382448869297127,【Swing模式】4H熊市+1H熊市+15m熊市三时间框趋势对齐（3/3） + PA Simple Pullback完成。ATR优化参数：TP=674.70（19.8×1H ATR），SL=908.85（2.5×1H ATR），R:R=7.92:1。陷阱交易者： fading breakout chasers at resistance。杠杆基于R:R≥2.0+关键阻力+HIGH信号。,系统检测：已被止损/止盈自动平仓,100.0,0.0
2025-11-19 20:48:56,2025-11-19 20:54:37,LTC,空,0.7643477921186629,90.33,90.64,13.810235908,5.0,90.64095,64.45,86.02757933211896,-0.2369478155567872,【Swing模式】4H熊市+1H熊市+15m熊市三时间框趋势对齐（3/3） + PA Simple Pullback完成。ATR优化参数：TP=64.45（19.8×1H ATR），SL=93.44（2.5×1H ATR），R:R=7.92:1。陷阱交易者： fading early bulls at exhaustion high。杠杆基于R:R≥2.0+关键阻力+HIGH信号。,系统检测：已被止损/止盈自动平仓,100.0,0.0
2025-11-19 21:18:45,2025-11-20 01:07:09,SOL,空,0.4919446377415006,133.51,138.24,13.1388573848,5.0,138.24,93.64,8.489361702127628,-2.3268981365173067,【Swing模式】4H熊市+1H熊市+15m空头转弱三时间框趋势对齐 + PA简单回撤完成在阻力位139，陷阱在反弹中追多交易者，S/R强度4/5，杠杆5x因R:R达7.92:1且关键阻力位,系统检测：已被止损/止盈自动平仓,100.0,0.0
2025-11-19 21:18:47,2025-11-20 02:04:47,BNB,空,0.073884369256031,889.12,912.66,13.1388573848,5.0,914.31,673.47,8.572337042925287,-1.7392380522869668,【Swing模式】4H熊市+1H熊市+15m空头转弱趋势对齐 + PA简单回撤在阻力位919，陷阱在阻力位测试中做多交易者，S/R强度4/5，杠杆5x因R:R达7.92:1且趋势完美对齐 | [加仓1] 22:05 +0.070@894.34 理由:【Swing模式】4H熊市+1H熊市+1+价格优0.9%+信号分0 | [加仓2] 00:49 +0.064@904.11 理由:【Swing模式】4H熊市+1H熊市+1+价格优1.4%+信号分0,系统检测：已被止损/止盈自动平仓,100.0,0.0
2025-11-19 22:35:10,2025-11-19 23:06:05,BTC,空,0.002,90458.2,90975.8,36.190000000000005,5.0,90993.705,72073.54,35.47577139221804,-1.0352000000000117,"【Swing模式】4H熊市+1H熊市+15m空头转弱三时间框趋势对齐 + PA Simple Pullback完成在阻力位91,987 + 趋势延续做空机会 + 陷阱在阻力位追多交易者 + S/R强度高 + 杠杆理由：R:R≥2.0(+2x)、关键水平(+1x)、假设共识4/5(+0.5x)、高信号(+1x)总和5x",系统检测：已被止损/止盈自动平仓,100.0,0.0
2025-11-19 23:18:44,2025-11-20 01:46:15,LTC,空,0.3853473061134995,93.04,93.37,11.9509044536,3.0,93.5856,65.4,50.65982404692145,-0.1232,【Swing模式】4H熊市+1H熊市+15m空头转弱三时间框趋势对齐 + PA简单回撤完成在阻力位93 + 15m RSI87超买确认弱势 + 陷阱在追涨突破者认为价格会继续上涨 + S/R强度4 + 杠杆理由：关键阻力位+趋势对齐+R:R≥7.9:1符合3x杠杆,硬失效(关键位破位): 突破关键阻力$93（硬失效）,100.0,0.0
2025-11-19 23:33:34,2025-11-20 00:01:20,BTC,空,0.002,91363.7,91426.0,36.539640000000006,5.0,91805.8455,73095.48,39.96453167026366,-0.17787819,"【Swing模式】4H熊市+1H熊市+15m空头转弱三时间框趋势对齐 + PA简单回撤完成在阻力位$90,806 + RSI81超买 + 信号分数≥80。使用优化ATR乘数：TP=入场-(1H ATR×19.8)=91349.10-(921.9×19.8)≈73095，SL=入场+(1H ATR×2.5)=91349.10+(921.9×2.5)≈93654，R:R≈7.9:1。杠杆基于R:R≥2.0(+2x)、关键阻力位(+1x)、HIGH信号(+1x)、共识5/5(+1x)，总和5x。",硬失效(关键位破位): 突破关键阻力$90806（硬失效）,100.0,0.0
2025-11-20 00:19:57,2025-11-20 08:46:11,ETH,空,0.0195876490306181,3029.64,3034.29,11.867177165199998,5.0,3146.01,1970.8,9.065176430284328,-0.0910825679923759,"【Swing模式】4H熊市+1H空头转弱+15m空头转弱三时间框趋势对齐 + PA Simple Pullback完成在阻力位3049 + 应用AI洞察（突破确认隐含于价格行为） + 高R:R（7.92:1） + 关键阻力位做空 + 杠杆计算（R:R≥2.0 +2x, 关键水平 +1x, HIGH信号 +1x, 共识4/5 +0.5x, 总和5x） +  trapped traders心理： fading early buyers at pullback high",系统检测：已被止损/止盈自动平仓,100.0,0.0
2025-11-20 01:49:10,2025-11-20 02:07:13,LTC,空,0.4855947474841891,93.25,93.76,11.3252834982,4.0,93.75645,64.59,61.528566834602486,-0.2476533212169389,"【Swing模式】4H熊市+1H空头转弱+15m在阻力位趋势对齐 + PA在阻力位支持反转 + 无YTC信号故不覆盖趋势 + 陷阱在阻力位追多交易者 + S/R强度4(阻力明确) + 杠杆 rationale: R:R>2.0(+2x), 关键水平(+1x), 估计共识4/5(+0.5x)",系统检测：已被止损/止盈自动平仓,100.0,0.0
2025-11-20 02:49:20,2025-11-20 03:01:21,SOL,空,0.2538744763738108,143.06,143.82,9.0734737856,4.0,148.43,98.05,8.210237659963441,-0.19,【Swing模式】4H熊市趋势对齐 + PA简单回撤完成在阻力区域 + 15m RSI81超买确认反转 + 计算R:R 8.16:1 > 1.0 + 陷阱在追涨反弹买家 + 关键阻力位加成 + 杠杆计算：基础1x + R:R>2.0(+2x) + 关键水平(+1x) = 4x,硬失效(关键位破位): 突破关键阻力$141（硬失效）,96.0,0.0
2025-11-20 03:04:08,2025-11-20 03:19:25,SOL,空,0.3863885826931106,143.76,144.33,11.104807866599998,5.0,144.32805,92.61,81.34702651062788,-0.2202414921350814,"【Swing模式】4H熊市+1H空头转弱+15m牛市趋势对齐 + PA Simple Pullback在阻力位完成 + Bull Exhaustion确认动量衰减 + 陷阱在阻力位追多交易者 + S/R强度中 + 杠杆 rationale: R:R>2.0(+2x), 关键阻力(+1x), HIGH信号(+1x), 4/5共识(+0.5x)",系统检测：已被止损/止盈自动平仓,87.0,0.0
2025-11-20 16:18:00,2025-11-20 16:46:21,ETH,空,0.0211055985955604,2897.09333,2863.86,12.207436016475,5.0,2924.55,2144.5,22.95730958230961,0.353259555,"【Swing Lesson】Signal Mode: Swing（趋势延续，持有2-24h）。ETH在4H/1H/15m全周期空头对齐，出现‘Trend Inception (SHORT)’强启动信号，符合Swing策略最佳应用场景。YTC信号类型：PB（Pullback Break，弱势反弹后破位），S/R强度高（1H阻力$3,048明确），trapped traders为‘追多的反转交易者’。入场位于阻力下方，非追单（price_vs_lwp=OPTIMAL）。杠杆5x基于：HIGH信号(+1x) + R:R>2.0(+2x) + 4/5共识(+0.5x) + 关键阻力位(+1x) = 4.5x→5x。",达第一目标$2873，分批50% [分批50%],100.0,4.0
2025-11-20 16:31:58,2025-11-20 16:46:19,SOL,空,0.5238003110166943,133.04,131.69,13.9309930718,5.0,138.24,89.84,8.201520912547496,0.55160812,【Swing Lesson】Signal Mode: Swing（趋势延续，持有2-24h）。SOL 4H主空，1H转弱，15m出现Trend Inception（趋势转强加速），三重确认做空信号。YTC信号：Trend Inception (Strong)，陷阱心理：追多者被套。1H阻力141，支撑137，当前价133.24接近支撑但PA显示加速下跌，S/R强度中等。杠杆5x因R:R>2.0、5/5共识、HIGH信号及关键位。,达第一目标$137，分批50% [分批50%],100.0,3.0
2025-11-20 17:48:52,2025-11-20 17:56:04,BTC,空,0.002000053039999,86757.7,87161.0,34.691720000000004,5.0,87155.409,67873.12,44.00906610271964,-0.8066213910316026,"【Swing Mode】4H/1H/15m全看跌对齐 + 简单回调PA信号✓✓✓ + 1H ATR 868.4提供良好波动空间 + 计算R:R 8.68:1 >> 1.5要求 + 关键阻力位$91,987 + 杠杆计算: R:R≥2.0(+2x) + 5/5共识(+1x) + 关键水平(+1x) + 高信号(+1x) = 5x",系统检测：已被止损/止盈自动平仓,100.0,4.0
2025-11-20 17:48:54,,LTC,空,0.8034200072746138,86.75,,17.42216285775,4.0,87.16364999999999,62.86,56.36728431488323,,【Swing Mode】4H/1H/15m全看跌对齐 + 简单回调PA信号✓✓✓ + 1H ATR 1.1虽小但信号可靠 + 计算R:R 7.2:1 >> 1.5要求 + 关键阻力位$93 + 杠杆计算: R:R≥2.0(+2x) + 4/5共识(+0.5x) + 关键水平(+1x) + 高信号(+1x) = 4.5x取整4x,,100.0,4.0
2025-11-13 19:20:14,2025-11-20 18:01:25,BNB,空,0.1,895.6,876.44,87.71911252,5.0,,,,1.88927513,从币安API恢复,软失效(AI确认-swing): Swing持仓超时(>19.2h) | AI: AI确认失败，使用系统判断,,
2025-11-13 20:32:23,,ETH,空,0.019,3029.64,,54.00365338,5,,,,,从币安API恢复,,,
